1610 2765
658 106 911 143 -26-

207 219 419 258 Dindorfius
451 218 627 269 λαμπρὸν
665 218 855 256 lemmatis
895 219 975 256 loco
1016 218 1182 267 positum
1215 219 1322 267 putat
1353 220 1391 257 et
1425 219 1465 257 in

104 292 248 328 textum
274 290 412 338 recepit
437 300 502 338 pro
527 288 670 339 ἀνδρὸς
695 300 784 327 voce
809 289 934 338 aperte
961 290 1142 338 corrupta.
1196 290 1285 349 Sed.x
1293 291 1357 339 qui
1383 291 1465 328 fieri

104 362 237 410 potuit,
262 362 304 398 ut
329 359 506 411 λαμπρὸν
523 371 589 409 per
607 361 850 411 διαλαμπρὸυ
871 370 893 397 a
912 359 1115 398 scholiasta
1132 360 1176 398 R.
1196 361 1464 411 explicaretur?

106 432 228 478 Quum
252 432 369 480 igitur
392 431 494 468 aliud
521 431 609 480 quid
633 442 677 469 ex
702 431 762 469 his
787 431 886 469 notis
911 432 1111 469 eruendum
1141 431 1203 478 sit,
1227 432 1327 469 ultro
1345 442 1461 482 paene

104 504 142 540 in
169 502 333 552 φαιδρὸν
359 502 571 548 incidimus,
600 503 696 551 quod
723 502 881 552 singulis
907 502 1046 540 litteris
1073 502 1188 541 etiam
1212 503 1334 552 magis
1352 513 1464 551 quam

103 573 279 623 λαμπρὸν
311 584 396 610 cum
430 573 573 624 ἀνδρὸς
606 574 776 623 congruit
809 575 846 612 et
880 586 944 623 per
977 576 1219 626 διαλαμπρὸυ
1253 575 1463 613 rectissime

104 644 324 693 explicatu1·;
364 655 481 693 neque
513 645 636 683 minus
672 645 838 696 φαιδρὸν
871 657 982 694 quam
1001 646 1195 697 νλιιιμπρὸυ
1227 647 1307 684 loco
1345 646 1463 684 simili

101 715 167 763 Eq.
193 715 268 752 550
291 716 453 765 φαιδρὸς
478 716 664 765 λάμποντι
690 716 848 767 μετώπῳ
876 717 1163 755 commendatur.

201 861 235 886 v.
263 849 350 886 874.
384 850 564 899 ἐπαίομεν
591 849 703 887 Codd.

202 941 324 979 Schol.
350 942 394 978 R.
421 941 466 979 V.
494 942 649 979 lemma:
683 936 909 992 ἐπαῖσὰμεν.

202 1013 273 1050 Sed
303 1014 342 1049 in
378 1012 621 1061 explicatione
657 1012 755 1060 quod
788 1013 939 1061 praebet
972 1014 1195 1051 scholiasta:
1240 1015 1460 1054 συνουσιά-

101 1091 234 1135 ζομευ,
261 1062 509 1134 &accompagn
527 1083 606 1121 sine
633 1082 743 1121 dubio
771 1083 818 1121 ad
844 1083 1013 1122 codicum
1040 1085 1260 1134 scripturam
1286 1085 1458 1134 pertinet.

200 1231 233 1256 v.
263 1219 372 1256 1009.
401 1219 556 1263 τένθαις
584 1218 695 1256 Oodd.

202 1311 322 1349 SGhOl.
350 1311 394 1348 R.
422 1310 467 1347 V.
507 1310 672 1360 λίχνοις’
707 1311 848 1351 τένδειν
881 1310 961 1363 γὰρ
989 1309 1029 1350 τὸ
1058 1311 1215 1356 ε’σξηέιν.
1259 1310 1457 1355 “Ησιόδος’

99 1382 152 1423 ὅτ’
180 1383 364 1427 ἀνόστεος
391 1376 436 1420 ὃν
464 1382 567 1421 πόδα
594 1382 723 1420 τένδει.

200 1455 274 1492 Hic
297 1454 413 1503 igitur
440 1453 641 1491 scholiasta
668 1453 816 1498 τέυδαις
839 1453 943 1502 legit,
969 1464 1034 1502 pro
1053 1465 1124 1502 qua
1142 1456 1261 1493 forma
1277 1454 1459 1503 posterior

99 1528 137 1563 in
156 1526 200 1562 V.
224 1526 404 1573 interpres
430 1525 529 1561 recte
557 1524 671 1561 etiam
697 1524 792 1572 apud
810 1524 1017 1561 Hesiodum
1040 1536 1132 1569 eam,
1161 1535 1253 1573 quae
1278 1535 1307 1569 β
1334 1525 1457 1569 habet,

98 1596 366 1635 restituendam
396 1607 475 1634 esse
506 1596 641 1633 censet.

707 1835 848 1898 Ave&

441 1917 606 1968 (Scholia
632 1918 808 1966 praebent
834 1918 878 1955 R.
907 1917 951 1955 V.
979 1926 1018 1957 Γ.
1046 1919 1110 1967 Μ.)

196 2061 230 2088 v.
251 2049 337 2087 317.
361 2049 495 2089 κοινὸν
522 2050 685 2099 ἀσφαλῆ
711 2049 863 2089 δίκαιον
890 2049 987 2098 holm
1012 2049 1257 2099 ὠφελήσιμον
1283 2048 1394 2087 Codd.
1439 2095 1441 2098 Ι

196 2141 318 2179 Schol.
336 2141 381 2178 R.
400 2141 445 2178 V.
465 2142 570 2179 cett-t
597 2139 732 2181 κοινὸν
749 2140 1010 2191 ὠφελήσιμονε
1038 2139 1124 2180 ἀντὶ
1144 2140 1213 2180 rofi
1228 2141 1453 2191 κοινωφελῆ.

194 2214 282 2252 Alio
318 2213 460 2258 ordine,
495 2224 539 2251 ac
567 2224 652 2258 nos,
687 2212 889 2250 scholiasta
923 2213 1033 2251 verba
1062 2212 1174 2262 legit,
1207 2212 1248 2250 id
1281 2212 1377 2261 quod
1410 2224 1454 2250 ex

94 2286 338 2336 explicatione
371 2285 586 2334 κοινωφελῆ
616 2284 859 2322 manifestum
889 2284 949 2330 fit,
985 2295 1056 2333 qua
1087 2284 1287 2330 evincitur,
1320 2278 1454 2324 κὀινὸν

93 2359 133 2396 in
171 2359 395 2397 scholiastae
433 2357 540 2396 libris
579 2357 746 2406 proxime
785 2358 870 2395 ante
913 2355 1158 2407 ὠφελήσιμον
1199 2356 1452 2395 antecessisse.

95 2429 157 2467 Sic
181 2430 298 2478 igitur
321 2440 449 2467 versus
476 2429 754 2469 constituendus
782 2430 857 2467 est:
886 2427 983 2477 ἡδὺν
1010 2428 1172 2477 ἀσφαλῆ
1197 2426 1350 2468 δίκαιον
1372 2445 1451 2467 κοι-

94 2499 163 2538 νὸν
189 2500 441 2551 ὠφελήσιμον.
