1610 2765
651 71 900 109 -41-

197 183 279 224 Hae
302 184 418 234 igitur
441 184 517 222 iere
541 182 699 229 fuerunt,
725 193 816 232 quas
843 183 883 221 in
907 184 1209 234 explicationibus
1227 184 1451 224 scholiorum

98 257 164 294 aut
187 267 210 294 a
231 256 338 294 textu
360 256 529 295 codicum
552 254 617 292 aut
641 253 688 291 ab
714 252 795 302 ipso
822 253 997 293 lemmate
1023 255 1270 307 discrepantes
1289 258 1449 301 invenio.

98 328 217 377 quoad
242 328 392 377 quidem
416 326 482 365 aut
505 324 615 375 paulo
642 323 756 362 altius
782 324 1014 365 absconditae
1041 328 1105 365 aut
1130 328 1264 368 saltem
1289 329 1335 368 ab
1363 329 1450 367 aliis

95 399 258 439 nondum
282 398 447 450 prolatae
471 396 569 435 mihi
590 395 815 435 videbantur.
866 383 995 446 Neque
1015 399 1141 437 tamen
1156 400 1291 450 ubique
1308 401 1450 450 aliquid

96 472 183 510 novi
205 482 266 510 me
288 469 489 509 allaturum
513 478 595 506 esse
619 478 764 516 sperare
788 468 905 517 potui,
931 480 1018 508 nam
1043 470 1139 519 quod
1155 471 1241 509 huic
1258 472 1361 518 latet,
1387 472 1448 511 illi

94 543 218 592 patet,
256 541 294 578 et
318 541 395 578 iam
420 537 559 577 dudum
585 538 752 585 fortasse,
788 549 880 588 quae
907 550 974 590 ego
1000 541 1241 591 investigasse
1266 543 1362 581 mihi
1389 544 1447 582 vi-

96 613 193 659 deor,
219 622 393 662 magnam
417 610 563 660 partem
588 620 611 647 a
636 610 727 649 viris
753 610 883 657 doctis,
909 611 976 660 qui
992 611 1082 650 haec
1097 612 1231 662 legent,
1255 615 1444 664 perspecta

96 685 202 736 suut,
242 683 331 732 quin
363 683 478 721 etiam
510 681 592 720 fieri
624 682 765 731 potuit,
800 683 843 721 ut
869 682 1081 722 criticorum
1104 684 1148 722 de
1174 685 1314 724 eisdem
1337 687 1445 725 rebus

96 755 247 794 eaedem
285 753 476 803 opiniones
516 753 557 791 in
587 753 767 792 Actorum
805 755 866 793 vel
897 754 1100 793 Annalium
1138 756 1446 805 philologicorum

95 826 243 877 singula
264 825 454 865 volumina
477 820 662 874 dispersae
687 826 829 874 passim
853 836 914 871 me
938 825 1108 876 fugerint.

195 898 320 945 Atqiie
345 895 441 934 illud
463 906 606 944 quoque
631 907 780 934 monere
805 896 929 943 liceat,
953 896 1060 945 quod,
1086 908 1131 935 ne
1158 908 1260 936 secus
1287 900 1444 949 accipia-

95 970 167 1015 tur,
190 968 327 1014 timeo;
355 967 389 1006 si
412 966 500 1014 dixi,
526 978 587 1005 me
609 977 804 1005 numerum
829 967 1014 1006 variarum
1039 967 1239 1006 lectionum
1264 969 1304 1006 in
1329 970 1444 1019 expli-

96 1041 303 1096 cationibus
333 1040 560 1079 scholiorum
589 1038 788 1077 latentium
819 1039 1060 1078 collecturum
1094 1051 1191 1086 esse,
1224 1039 1302 1089 ipse
1332 1041 1443 1089 probe

95 1113 189 1159 scio,
216 1113 287 1151 hoc
311 1123 385 1151 non
407 1112 521 1158 ultra,
557 1122 668 1160 quam
692 1110 791 1149 vires
817 1111 855 1148 et
880 1111 984 1149 nervi
1006 1111 1122 1150 animi
1146 1111 1222 1150 mei
1245 1112 1442 1161 patiantur,

94 1185 306 1234 contingere
335 1195 443 1233 posse
478 1185 516 1221 et
547 1182 758 1232 contigisse.
810 1182 865 1219 Ea
892 1183 1018 1221 autem
1069 1194 1160 1232 quae
1195 1183 1274 1233 ipse
1304 1184 1444 1222 intacta

94 1255 246 1303 reliqui,
279 1254 438 1303 ingeniis
473 1254 680 1292 doctiorum
711 1253 750 1290 et
783 1253 1014 1302 sagaciorum
1037 1254 1205 1299 remitto,
1239 1255 1329 1292 satis
1357 1266 1443 1292 con-

93 1327 236 1372 tentus,
272 1326 306 1364 si
330 1325 487 1364 aliorum
512 1324 657 1363 animos
683 1325 799 1363 denuo
825 1326 871 1363 ad
896 1325 963 1363 has
984 1325 1216 1374 quaestiones
1242 1325 1441 1364 advertero.
