1610 2765
238 888 291 956 Si
316 920 395 956 iure
413 929 456 955 ac
473 917 606 956 merito
625 917 763 955 mirum
780 916 898 955 videri
915 917 1048 965 potest,
1077 927 1172 954 nunc
1189 916 1337 954 demum
1356 928 1490 966 paucos

133 990 266 1029 abhinc
298 998 412 1027 annos
448 989 599 1027 initium
633 1000 712 1027 esse
745 987 901 1034 factum,
941 988 1083 1026 codices
1119 988 1408 1037 Aristophaneos
1449 1000 1491 1026 ea

133 1062 328 1111 diligentia
355 1060 573 1106 conferendi,
604 1071 714 1109 quam
730 1061 822 1098 aitis
850 1051 999 1098 criticae
1026 1060 1090 1108 qui
1116 1061 1173 1098 est
1190 1061 1328 1098 nostris
1345 1061 1491 1110 tempo-

133 1133 235 1171 ribus
262 1133 381 1170 status
406 1132 516 1180 atque
539 1132 578 1169 in
605 1131 683 1169 dies
709 1132 827 1169 maior
843 1142 1057 1189 progressus
1074 1132 1249 1180 postulet,
1277 1142 1349 1169 non
1369 1131 1491 1169 minus

135 1204 307 1253 equidem
331 1204 456 1248 miror,
485 1203 581 1251 quod
608 1213 651 1241 ex
673 1204 721 1241 iis
740 1213 883 1251 quoque
909 1203 1073 1241 fontibus
1092 1203 1371 1249 emendationis,
1401 1214 1491 1252 quos

135 1275 276 1313 scholia
301 1275 494 1324 praebent,
531 1286 553 1312 a
578 1274 669 1313 viris
696 1274 814 1312 doctis
841 1274 960 1312 adhuc
984 1275 1105 1324 magis
1131 1274 1353 1321 delibatum,
1382 1286 1492 1324 quam

135 1347 311 1386 haustum
337 1357 417 1384 esse
443 1345 561 1384 video.
613 1344 712 1383 Nam
737 1346 810 1383 etsi
836 1356 897 1383 eas
912 1345 1032 1384 varias
1058 1346 1246 1392 lectiones,
1283 1358 1372 1395 quas
1398 1347 1492 1385 lem-

133 1418 237 1456 mata.
263 1417 487 1455 scholiorum
523 1417 717 1462 exhibent,
751 1417 910 1455 editores
944 1416 1036 1454 satis
1063 1417 1261 1466 diligenter
1287 1420 1491 1465 enotamt,

134 1490 260 1527 tamen
285 1466 394 1537 pauci
415 1499 559 1534 earum,
596 1498 688 1537 quae
714 1487 754 1525 in
780 1488 1084 1536 explicationibus
1109 1488 1254 1533 insunt,
1291 1489 1493 1527 lectionum

133 1560 228 1609 plus,
256 1570 367 1609 quam
392 1559 489 1607 quod
516 1559 712 1607 unicuique
736 1559 856 1608 primo
877 1560 1010 1598 obtutu
1036 1570 1115 1597 sese
1134 1558 1250 1605 offert,
1279 1560 1493 1599 detexerunt

136 1631 174 1668 et
201 1630 248 1669 ad
273 1630 540 1669 emendandum
564 1630 713 1680 poetam
739 1630 982 1668 contulerunt.
1019 1630 1149 1679 Itaque
1176 1642 1306 1679 operae
1330 1632 1492 1680 pretium

134 1702 297 1741 facturus
330 1702 425 1740 mihi
458 1702 559 1740 visus
600 1713 700 1747 sum,
741 1701 774 1739 si
804 1712 998 1739 numerum
1039 1713 1195 1739 earum
1234 1702 1491 1741 lectionum

135 1773 515 1822 discrepantium
541 1785 563 1811 a
590 1774 724 1811 textu
751 1773 967 1811 codicum
996 1774 1077 1811 aut
1103 1774 1157 1811 ab
1184 1774 1287 1823 ipso
1315 1775 1491 1812 scholii
1522 1759 1552 1834 Ν
1606 1804 1610 1811 .

135 1844 383 1890 lemmate,
420 1855 538 1892 quae
575 1845 624 1882 in
663 1844 1070 1897 explicationibus
1109 1844 1277 1890 latent,
1318 1845 1491 1895 colligere

135 1925 296 1955 conarer.

236 1987 335 2036 Quid
367 1988 467 2026 enim
497 1988 583 2027 inde
615 1987 660 2027 ad
686 1989 829 2026 textum
862 1987 1157 2027 constituendum
1182 1987 1360 2027 redundet
1385 1989 1492 2027 utili-

94 2074 97 2076 *
134 2058 243 2105 tatis,
281 2059 321 2097 in
354 2060 480 2108 aperto
509 2061 581 2107 est,
615 2062 788 2110 quoniam
821 2060 1045 2098 scholiorum
1069 2071 1269 2109 permagna
1293 2072 1378 2110 pars
1404 2049 1519 2139 talis&

138 2130 224 2175 fere,
252 2131 400 2178 qualem
421 2142 518 2169 nunc
542 2132 714 2182 legimus,
741 2133 787 2170 ad
813 2134 983 2180 quartum
1007 2132 1223 2186 quintumve
1249 2142 1284 2180 p.
1301 2131 1385 2169 Chr.
1413 2143 1493 2169 sae—

135 2201 260 2240 culum
295 2200 460 2240 revocari
483 2201 626 2250 potest,
658 2203 778 2242 multa
814 2203 928 2241 etiam
961 2187 1494 2242 mmmm

137 2284 218 2312 esse
245 2273 400 2319 constat.

238 2343 390 2383 Codices
405 2329 407 2331 ’
422 2345 547 2386 autem
572 2344 841 2397 antiquissimi,
876 2342 1070 2385 Ravennas
1108 2347 1146 2385 et
1171 2344 1344 2393 Venetus,
1379 2345 1494 2383 unde-

137 2417 233 2456 cimo
260 2418 297 2455 et
323 2417 532 2467 insequenti
564 2421 708 2458 saeculo
746 2420 875 2468 scripti
901 2420 988 2457 sunt
1012 2430 1080 2457 nec
1107 2419 1311 2458 verisimile
1338 2418 1493 2464 videtur,

135 2489 223 2529 illos
248 2487 345 2529 un'de
370 2489 547 2541 descripti
580 2492 667 2531 sunt
699 2490 813 2531 libros
844 2487 928 2542 pari
959 2492 1145 2531 vetustate
1170 2493 1281 2541 atque
1307 2491 1374 2530 illa
1406 2491 1494 2531 ὑπο-

477 2566 481 2568 ·
1230 2559 1239 2583 l

1560 2168 1602 2204 :7
