1610 2765
660 101 912 137 -30—

209 214 293 259 Hic,
328 213 371 252 ut
395 212 494 250 recte
518 212 685 261 Engerus
711 212 931 258 observavit,
965 212 1029 260 qui
1054 213 1094 250 in
1121 213 1186 259 eis,
1223 225 1313 263 quas
1338 215 1469 268 edidit,

107 286 242 323 fabulis
268 284 364 321 nihil
388 284 602 321 huiusmodi
618 284 793 332 neglexit,
820 284 987 322 dativum
1012 288 1089 329 τοῖς
1111 284 1337 357 κυρσᾴυέοις
1361 287 1469 325 scho-

108 357 219 395 liasta
244 356 349 405 legit.
387 377 434 382 -
469 354 585 392 Aliud
609 357 694 394 ante
722 356 848 394 oculos
873 356 1020 402 habuit,
1040 356 1117 405 ’11111
1144 356 1324 406 explicat:
1356 357 1467 398 λείπει

108 429 130 475 ἡ
157 430 208 472 εἰς
234 427 433 477 πρόβεσις,
470 428 523 472 εἷς
554 428 644 472 τοὺς
671 427 935 479 κυρσανίους,,
960 428 999 465 id.
1025 428 1121 476 quod
1146 427 1192 465 ad
1219 424 1387 466 codicum
1413 429 1468 466 le-

109 498 268 535 ctionem
293 495 402 535 redit.

207 640 241 666 v.
272 629 381 666 1318.
414 629 472 666 19.
515 631 588 676 ποῆ
614 629 658 666 R.
685 630 782 679 Aug.
836 632 908 683 ποῇ
933 631 1019 670 111111

209 721 330 759 Schol.
357 722 462 758 Put.:
500 739 563 773 γρ.
591 722 685 773 πόῃ·
720 726 853 761 ποιεῖτε
879 723 1018 774 κρότον
1051 723 1116 763 τὸν
1144 724 1367 774 ὠφελοῦντα
1402 724 1467 764 τὸυ

105 791 238 843 χορὸν.
289 793 364 830 Η10
390 787 571 841 interpres
605 791 730 841 ποίητε
765 793 804 830 111
829 794 907 831 suis
934 795 1083 840 habuit,
1121 797 1164 832 ut
1190 805 1299 844 supra
1325 806 1466 845 quoque

108 863 249 901 scholia
273 863 449 912 praebent
475 864 819 915 παραμπυκῖδδετε.

482 1052 1091 1112 Thesmophoriazusae.

106 1152 270 1201 (Scholia
301 1153 477 1201 praebent
510 1153 554 1190 R.
588 1154 625 1190 et
659 1165 787 1202 margo
821 1154 979 1203 exempli
1005 1154 1163 1192 Puteani
1198 1155 1300 1193 cuius
1327 1156 1467 1194 scholia

106 1222 152 1259 ad
184 1222 279 1260 hanc
312 1223 476 1261 fabulam
506 1223 693 1273 adscripta
724 1226 845 1264 multo
886 1225 1091 1263 recentiora
1131 1226 1238 1272 sunt,
1278 1237 1388 1276 quam
1428 1227 1466 1264 in

670 1296 907 1348 Lysistrata.)

210 1418 243 1443 V.
266 1407 350 1443 199.
371 1407 456 1444 200.
485 1407 554 1452 τὰς
580 1408 787 1458 συμφορὰς
813 1408 893 1460 γὰρ
919 1408 1009 1458 οὐχ)
1037 1414 1112 1454 τοῖς
1138 1410 1384 1460 φεχνάσμασι

480 1477 608 1527 φέρειν
635 1478 800 1524 δίκαιον,
826 1478 928 1517 ἀλλὰ
955 1484 1031 1523 τοῖς
1055 1480 1298 1530 παῇήμασιυ.

212 1568 335 1606 Schol.
363 1569 578 1620 ἐκφεύγειν.

209 1639 252 1676 111
278 1639 349 1677 hoc
373 1640 454 1678 loco
483 1652 638 1691 zeugma
664 1641 898 1680 intolerabile
924 1642 1033 1688 inest,
1060 1653 1144 1680 cum
1169 1641 1328 1680 0111111111»
1344 1641 1468 1690 ipsum

105 1710 325 1756 subiectum,
362 1723 520 1760 quocum
554 1724 626 1751 non
661 1713 749 1750 bene
781 1713 961 1759 convenit,
995 1714 1148 1752 verbum
1172 1714 1384 1762 apponatur,
1421 1712 1468 1750 ad

105 1781 199 1819 illud
221 1782 357 1830 autem,
383 1793 541 1831 quocum
560 1783 741 1833 congruit,
769 1784 938 1832 supplere
963 1785 1165 1823 iubeamur.
1221 1784 1467 1831 Quamobrem

105 1853 260 1890 forsitan
287 1854 522 1892 scribendum
548 1856 616 1893 sit:

331 1925 399 1972 τὰς
425 1926 633 1979 συμφορὰς
661 1926 741 1978 γὰρ
768 1925 858 1976 οὐχὶ
888 1931 963 1972 τοῖς
989 1928 1234 1978 τεχνάσμασι

331 1998 496 2047 δίκαιον,
524 1998 627 2037 ἀλλὰ
653 2002 730 2043 τοῖς
754 1998 987 2049 παὲῒήμασιν
1014 2001 1151 2050 φέρειν.

105 2068 173 2105 Cui
201 2068 451 2106 emendationi
479 2067 594 2106 etiam
621 2068 844 2107 scholiastae
871 2068 1067 2118 explicatio
1093 2071 1205 2115 favet;
1246 2078 1357 2121 quam
1381 2084 1466 2111 cum

102 2138 270 2187 ineptum
303 2139 354 2176 sit
384 2140 431 2178 ad
465 2141 592 2192 φέρειν
628 2141 778 2186 referre,
813 2141 1012 2179 credendus
1051 2143 1108 2179 est
1141 2142 1345 2193 ἐκφεύγειν
1382 2144 1466 2191 post

102 2211 353 2261 τεχνάσμασι
380 2210 607 2260 cogitatione
632 2211 802 2250 additum
820 2212 993 2258 voluisse,
1019 2213 1184 2251 nostram
1202 2213 1318 2262 igitur
1335 2213 1466 2252 lectio-

100 2293 186 2319 nem
212 2284 299 2319 ante
326 2282 452 2320 oculos
481 2283 665 2321 habuisse.

204 2427 235 2450 V.
265 2415 349 2451 710.
389 2413 494 2463 ἥκεις
517 2416 562 2453 R.
615 2413 736 2464 ἥκιστ’
766 2419 863 2466 Aug.
917 2416 1022 2466 ἥκεις
1047 2419 1084 2462 θ’
1115 2419 1211 2456 Iunfa.

204 2484 343 2524 Deinde
361 2486 401 2523 in
419 2486 540 2524 codd.:
568 2484 663 2533 ὅξνευ
692 2485 794 2536 ἥκεις
821 2489 979 2537 φαύλως
1007 2489 1032 2529 τ’
1063 2489 1237 2541 ἀποδρὰς
1256 2489 1309 2529 >οὐ
1335 2489 1462 2539 λέξεις.
