1610 2765
688 72 941 111 -γκ,

129 182 233 223 Ide-m
249 184 354 235 legit,
372 185 438 235 qui
453 185 629 235 explicat:
657 184 825 225 rotssnova
851 184 1036 237 φὲἔγξαι,
1062 184 1237 233 quoniam
1262 182 1309 223 οὐ
1325 184 1487 235 χρῆσὲνα

129 258 252 308 σιγᾶν
278 268 374 304 ,,11011
400 258 510 297 debes
532 258 666 296 silere“
686 258 731 315 >et
756 256 926 309 φθέγξαι
955 255 1083 298 eodem
1107 255 1272 294 redeunt.

230 413 264 439 v.
293 401 379 439 833.
407 400 785 453 πολυπραγμοσύνης
810 400 933 449 vulgo.
985 401 1340 452 πολυπραγμοσύνη
1364 400 1408 437 R.

232 502 352 541 Schol.
381 502 423 540 R.
451 503 538 540 cett.
574 502 1016 554 πολυπραγμοσύνῃσιντ
1052 501 1164 542 λείπει
1191 502 1232 542 τὸ
1259 500 1394 553 ἕνεκα,
1421 500 1486 541 ἵνα

131 569 158 626 ’ᾗ
186 571 301 614 ἕνεκα
327 575 390 623 τῆς
418 574 796 626 πολυπραγμοσύνης
804 604 816 625 ,
851 573 872 613 ὃ
898 572 940 613 δὲ
967 573 1105 626 λόγος·
1136 573 1238 613 ἀλλὰ
1264 573 1305 614 πὸ
1334 574 1485 625 χαίρειν

128 642 233 692 {ama
254 646 305 692 εἰς
323 645 390 695 τὴν
408 645 582 695 κεφαλήν
598 663 689 697 μου,
707 643 761 686 ὅτι
781 645 1094 698 πολυπραγμονῶ
1111 645 1223 685 εἰπών
1241 662 1303 686 σοι
1321 646 1484 698 χαίρειν.

230 716 318 755 Inde
358 717 629 766 intellegimus,
666 718 780 756 etiam
805 718 843 755 in
867 718 911 756 R.
943 717 1183 756 scholiastam
1209 717 1345 767 legisse
1371 724 1483 757 πολυ-

129 789 428 840 πραγμοσύνης,
462 789 559 838 quod
597 790 631 827 si
663 789 825 828 defendit
855 789 1099 835 Boissonade,
1132 790 1231 827 recte
1256 789 1362 835 fecit,
1401 800 1486 827 cum

128 860 214 909 apto
249 860 372 898 sensui
405 859 594 910 (videlicet
620 860 654 897 si
679 866 836 911 πολυπρ.
862 861 1070 909 genitivum
1099 860 1377 898 exclamationis
1404 871 1484 897 esse

128 931 343 982 statuimus)
376 931 576 970 auctoritas
609 931 808 970 vetustatis
841 931 1001 970 accedat.
1029 955 1076 960 —
1113 931 1267 970 Lemma
1292 938 1482 982 πολυπρα-

127 1004 376 1055 γμοσύνῃσιυ
403 1004 482 1041 Sine
509 1003 618 1041 dubio
638 1014 681 1040 θΧ
701 1002 1079 1054 πολυπραγμοσύνης
1096 1004 1169 1042 vsjv
1187 1004 1398 1052 corruptum
1416 1004 1483 1040 est.

228 1092 294 1125 μοι
321 1074 380 1113 vel
407 1074 488 1125 ἐμοὶ
517 1074 627 1113 COdd.

230 1167 301 1205 Sed
328 1164 527 1205 scholiasta
553 1178 637 1204 cum
662 1167 795 1205 habeat
819 1167 859 1205 in
876 1167 1178 1216 interpretatione
1204 1168 1255 1212 εἰς
1281 1167 1347 1213 τὴν
1368 1184 1485 1216 κεφα-

128 1239 197 1287 λήν
232 1256 330 1289 μου,
364 1238 572 1287 genitivum
601 1238 715 1275 etiam
750 1238 789 1275 111
822 1238 928 1276 libris
957 1238 1034 1275 suis
1068 1238 1252 1276 invenisse
1286 1237 1484 1276 credendus

128 1311 195 1356 est,
223 1310 396 1358 quoniam
423 1318 571 1347 causam
596 1309 765 1347 mutandi
791 1320 864 1347 11011
889 1309 1030 1347 habuit.

229 1466 264 1491 v.
292 1454 377 1491 966.
431 1453 541 1491 Codd.
568 1453 665 1490 hunc
690 1455 837 1491 versum
862 1453 1055 1501 praebent:

391 1524 400 1538 ν
466 1519 484 1539 Ἀ
575 1523 585 1539 x
656 1524 666 1537 l
691 1523 700 1537 ν
731 1525 739 1538 ⁷
815 1523 825 1537 t
912 1523 924 1538 ι
1064 1524 1075 1538 x
1148 1524 1156 1537 9
1222 1525 1231 1538 l

356 1542 431 1563 Ουκ
457 1541 509 1562 αν
534 1541 589 1574 μα
619 1531 663 1562 Δι
706 1541 737 1562 ει
763 1527 845 1571 δοίη
872 1541 920 1574 γε
945 1541 1010 1573 μοι
1039 1541 1106 1571 ἵην
1133 1528 1281 1563 ασπιδα

228 1617 348 1656 Schol.
375 1617 419 1654 R.
447 1618 533 1655 eto:
561 1615 635 1656 οὒκ
662 1613 713 1655 ἄν
739 1616 795 1664 μὰ
823 1616 881 1655 Δί’
910 1616 957 1654 οὐ
982 1616 1108 1663 δοίηυε
1142 1614 1197 1655 ὅτι
1225 1615 1281 1655 ἐπὶ
1308 1616 1483 1667 ὀψαρίων

128 1691 296 1742 τέμαχος
322 1692 484 1741 λέγεται,
507 1687 563 1728 ἐπὶ
590 1687 630 1728 δὲ
658 1688 732 1727 τῶυ
759 1683 889 1726 ἄλλων
918 1687 1032 1738 τόμος
1057 1683 1139 1725 οἷον
1164 1689 1289 1738 τυροῦ.
1314 1723 1329 1736 ,

228 1760 434 1810 Explicatio
463 1760 571 1810 plane
597 1770 619 1797 a
643 1771 769 1805 versu,
804 1759 951 1808 qualem
977 1770 1072 1797 1111110
1096 1760 1274 1808 legimus,
1312 1759 1484 1797 abhorret

128 1844 195 1871 nec
221 1833 261 1870 111
286 1832 396 1870 huius
426 1843 553 1870 versus
580 1831 717 1870 vicinia
743 1831 874 1876 exstat,
901 1831 941 1868 in
959 1841 1068 1878 quem
1091 1831 1190 1868 recte
1208 1831 1299 1867 haec
1315 1830 1483 1870 adnotari

126 1904 324 1954 potuerint.
380 1903 552 1949 Accedit,
589 1903 685 1952 quod
720 1903 834 1940 etiam
869 1902 1003 1940 scholii
1036 1902 1174 1940 lemma
1205 1913 1279 1940 11011
1304 1903 1437 1941 leviter
1463 1914 1484 1941 a

126 1976 231 2014 textu
269 1974 452 2013 dissentit.
512 1974 680 2024 Denique
707 1974 850 2025 ellipsis
878 1974 919 2012 in
944 1984 1052 2011 versu
1077 1974 1202 2010 nostro
1231 1974 1330 2011 iusto
1361 1974 1486 2013 durior

127 2048 225 2086 inest
251 2057 368 2095 neque
395 2045 523 2084 eadem
549 2047 606 2085 est
632 2047 741 2097 huius
766 2046 841 2085 loci
864 2047 959 2085 ratio
981 2046 1091 2095 atque
1118 2057 1260 2093 eorum,
1287 2057 1379 2096 quos
1407 2046 1485 2085 edi-

127 2121 226 2158 tores
253 2119 529 2168 compararunt:
558 2118 656 2157 Plut.
676 2119 762 2165 924,
787 2118 884 2156 Nub.
905 2118 989 2163 108,
1016 2117 1126 2167 Vesp.
1146 2117 1233 2155 927.
1285 2118 1360 2156 Hic
1385 2119 1485 2157 enim

128 2191 226 2229 inter
252 2202 287 2229 v.
306 2190 393 2236 961,
420 2201 463 2227 ex
489 2201 561 2239 quo
587 2191 698 2241 vulgo
725 2191 929 2242 μεταδοίην
955 2189 1128 2240 supplent
1154 2191 1192 2228 et
1217 2191 1386 2229 nostrum
1403 2202 1485 2229 ver-

128 2273 212 2301 sum
242 2261 416 2310 quattuor
448 2262 516 2299 alii
550 2263 636 2301 sunt
668 2262 898 2319 interpositi«,
943 2273 1027 2299 cum
1059 2262 1140 2300 11110
1176 2262 1342 2311 proxime
1376 2263 1486 2300 verba

127 2332 365 2384 praecedant,
401 2333 496 2371 unde
529 2334 691 2384 suppleri
726 2333 856 2383 possit.
916 2332 1145 2383 Quapropter
1176 2333 1381 2372 verisimile
1416 2335 1483 2379 est,

128 2415 276 2444 versum
313 2404 475 2453 aliquem
511 2405 706 2452 excidisse,
741 2405 805 2454 qui
835 2415 857 2443 a
891 2404 1081 2444 lemmatis
1115 2405 1238 2445 verbis
1272 2416 1420 2443 exorsus
1445 2406 1486 2443 in

131 2488 214 2516 eam
242 2476 465 2516 sententiam
498 2477 595 2516 esset
627 2477 870 2528 compositus,
905 2478 949 2516 ut
973 2477 1209 2528 Dicaeopolis
1242 2488 1289 2519 ne
1316 2478 1485 2530 τέμαχος
