1610 2765
664 149 913 186 —2—

118 258 303 309 μνήματα
313 260 350 295 31
361 259 528 309 ἐκλογὰς
555 258 769 313 Symmachi
786 259 823 294 et
840 258 975 294 Phaini
997 258 1123 296 luisse.
1157 261 1288 308 Itaque
1305 263 1474 309 quamvis

119 331 305 368 vetustam
329 322 579 367 recensionem
597 328 787 366 credamus
811 328 988 374 ultimum
1006 329 1139 369 horum
1152 331 1321 370 codicum
1333 330 1475 370 fontem

119 400 243 444 fuisse,
272 410 355 435 cum
380 398 526 434 facilius
542 398 623 434 fieri
639 398 814 445 potuerit,
841 399 884 435 ut
902 398 1071 436 codicum
1085 401 1253 448 singulae
1271 402 1473 449 scripturae

118 469 254 507 sensim
288 469 586 517 depravarentur,
629 478 739 516 quam
769 467 813 504 ut
849 467 951 505 totae
986 469 1268 517 explicationes,
1302 481 1394 518 quae
1426 470 1474 515 ad

118 541 255 577 certam
281 540 463 587 quandam
487 539 685 576 lectionem
698 539 941 587 pertinebant,
969 541 1296 588 corrumperentur,
1323 541 1362 579 id
1388 542 1472 590 qui-

117 610 199 647 dem
222 610 261 647 in
294 610 505 647 universum
536 609 679 646 certum
705 608 812 646 debet
834 608 969 653 videri,
1005 610 1190 648 vetustate
1225 621 1352 648 omnes
1378 622 1470 659 quae

115 682 153 717 in
172 681 412 737 antiquorum
437 680 661 736 scholiorum
674 679 984 739 explicationibus
1011 679 1131 717 latent
1145 680 1266 718 varias
1291 681 1469 719 lectiones

113 761 198 797 prae
225 750 390 804 codicum
404 750 608 801 scriptuns
636 748 896 786 commendari
933 728 1347 796 Itemqfie‘issffi'tum
1352 762 1468 799 pauca

112 820 221 858 verba
243 820 389 858 facilius
416 819 641 868 corruptelae
667 819 823 857 obnoxia
847 818 1004 863 fuerunt,
1041 830 1152 868 quam
1179 821 1400 871 copiosiores
1429 822 1467 859 et

113 892 377 928 sententiarum
391 890 536 928 vinculo
551 890 786 927 cohaerentes
806 889 1078 938 explicationes.
1109 913 1145 917 —
1159 891 1316 929 Maximi
1340 893 1467 930 autem

111 962 222 1011 pretii
246 961 331 999 illas
358 961 535 999 lectiones
563 972 654 1006 esse,
682 971 771 1009 quas
795 960 835 998 1ιι
861 960 1029 1016 codicum
1053 961 1098 998 R.
1126 962 1163 1017 et
1177 962 1221 1021 V.
1233 963 1465 1019 explicatio-

110 1033 217 1070 nibus
244 1032 533 1080 deprehenderis,
556 1034 707 1070 naturae
726 1033 1010 1070 consentaneum
1036 1017 1103 1078 381,
1128 1018 1302 1082 quoniam
1319 1034 1360 1071 hi
1378 1034 1465 1073 libri

99 1096 195 1142 *ante
228 1104 444 1141 Tzetzarum
478 1103 824 1165 Moschopulorum
840 1102 1101 1142 Tncllmorum
1126 1105 1295 1163 aetatem
1311 1105 1464 1173 scripti

110 1161 406 1213 adnotationibus
440 1174 559 1211 infimi
593 1174 676 1211 aevi
710 1173 1000 1222 Byzantinorum
1026 1177 1160 1213 carent.
1212 1176 1320 1214 Alter
1346 1187 1390 1213 ex
1415 1176 1463 1213 iis
1537 1225 1540 1227 μ

110 1230 298 1285 Dindorfio
322 1245 441 1283 iudice
468 1244 563 1283 nihil
588 1244 721 1282 habere
742 1243 897 1290 videtur,
925 1245 1022 1293 quod
1044 1246 1139 1284 infra
1158 1247 1330 1296 quartum
1355 1247 1462 1295 quin-

108 1321 235 1357 tumve
269 1319 455 1356 saeculum
492 1317 614 1361 cadat,
648 1316 687 1353 in
719 1317 835 1355 altero
870 1318 1011 1363 autem,
1048 1318 1112 1366 qui
1138 1319 1278 1357 scholia
1310 1318 1462 1368 antiqua

107 1391 226 1440 longe,
254 1400 364 1438 quam
388 1388 580 1426 Ravennae
605 1388 716 1425 habet
743 1387 934 1436 ampliora,
961 1411 996 1416 -
1024 1388 1078 1425 ita
1104 1390 1146 1425 ut
1173 1400 1215 1425 ex
1243 1400 1284 1426 eo
1312 1389 1462 1427 demum

105 1463 245 1540 multae
270 1460 495 1499 Ravennatis
521 1460 722 1509 scripturae
756 1460 821 1497 aut
845 1459 967 1497 lucem
993 1459 1177 1509 accipiant
1202 1460 1267 1499 aut
1289 1460 1460 1499 emenda-

103 1604 252 1654 quidem
274 1604 453 1642 librorum
438 1576 619 1641 scholia
642 1582 862 1652 negligenda
888 1603 985 1649 sunt,
1012 1602 1109 1640 inter
1135 1613 1226 1651 quos
1249 1612 1285 1642 Θ
1297 1602 1458 1642 Lauren-

101 1677 234 1721 tianus,
263 1686 355 1713 saec.
383 1674 482 1718 XIV,
508 1674 645 1711 multas
673 1675 710 1711 et
735 1674 905 1722 antiquas
924 1674 962 1711 et
976 1674 1090 1711 bonas
1116 1663 1371 1712 adnotationes
1398 1676 1457 1713 vel

101 1748 200 1787 solus
232 1747 398 1797 praebet,
445 1745 484 1783 in
518 1755 589 1793 quo
623 1755 714 1793 quae
748 1745 875 1783 insunt
912 1744 1033 1782 infimi
1067 1744 1263 1794 temporis,
1295 1744 1403 1783 facile
1433 1757 1456 1784 a

101 1819 256 1872 vetffitis
264 1818 532 1872 'dinoscuntun
559 1816 860 1862 Mediolanensis‚
888 1816 1018 1853 XIII-
1032 1816 1120 1852 XIV
1140 1817 1288 1861 saeculi,
1315 1818 1454 1856 multas

99 1891 232 1929 saltem
253 1868 482 1937 antiliuiores
509 1887 764 1925 adnotationes
789 1898 873 1925 cum
899 1886 1110 1925 Ravennate
1138 1888 1175 1925 et
1184 1887 1324 1926 Veneto
1352 1900 1452 1928 com-

97 1972 226 1999 munes
253 1961 374 1998 habet.
427 1959 511 1997 Non
538 1958 666 1996 eadem
691 1959 748 1996 est
771 1958 867 1996 ratio
893 1957 1030 1996 codicis
1056 1958 1351 1998 1‘.Laurentiani
1370 1972 1451 1999 sae-

99 2033 172 2072 culi
196 2032 294 2078 XIV,
322 2032 386 2081 qui
411 2032 606 2069 lacunosus
633 2030 671 2067 et
693 2030 885 2079 corruptus
912 2030 952 2068 in
980 2030 1132 2069 scholiis
1155 2041 1271 2079 neque
1294 2018 1450 2080 usquam

96 2105 209 2142 ullius
235 2104 467 2141 auctoritatis
494 2104 567 2148 est,
596 2102 671 2139 nisi
696 2102 761 2139 ubi
786 2112 871 2140 cum
896 2102 1108 2140 Ravennate
1135 2104 1172 2140 et
1195 2102 1333 2140 Veneto
1363 2114 1448 2142 con-

96 2176 220 2215 sentit.
273 2175 379 2222 Quod
397 2175 511 2212 etiam
534 2174 656 2223 magis
683 2174 724 2210 in
749 2174 890 2213 ceteros
916 2173 1031 2211 libros
1055 2173 1165 2219 cadit.
1192 2173 1256 2221 qui
1283 2160 1448 2213 eiusdem

46 2218 74 2307 ,X
94 2247 154 2285 vel
186 2247 300 2284 etiam
330 2246 514 2283 inferioris
546 2245 725 2294 temporis
761 2245 848 2282 sunt
880 2244 1176 2293 scholiorumque
1206 2254 1319 2292 parva
1347 2244 1446 2295 frag-

55 2312 59 2350 1
78 2319 218 2356 ‘menta
242 2317 424 2364 exhibent,
450 2317 552 2355 velut
582 2316 804 2355 Vossianum
829 2303 1066 2365 Leydensem,
1092 2305 1359 2353 Baroccianum
1384 2316 1445 2363 38,

91 2390 150 2428 vel
176 2390 216 2427 in
232 2389 458 2439 glossemata
470 2388 722 2426 Parisinorum
741 2389 779 2426 et
791 2386 1090 2425 Britannicorum
1105 2386 1284 2433 codicum,
1311 2387 1444 2441 quibus

89 2472 201 2510 paene
226 2461 328 2499 nulla
352 2461 551 2499 auctoritas
576 2460 685 2497 inest.

188 2533 268 2570 Iam
294 2532 411 2590 igitur
436 2532 476 2569 in
501 2531 741 2571 aestimandis
767 2531 992 2570 scholiorum
1017 2529 1239 2571 lectionibus
1266 2530 1361 2570 hauc
1383 2543 1441 2570 re·-
