1610 2765
671 104 821 140 „38
874 126 924 132 ..,

118 215 169 252 sit
193 215 361 264 ineptum
387 226 454 252 nec
479 215 681 253 scholiasta
697 215 923 275 Ravennatis
950 214 1154 262 quemlibet
1180 213 1316 251 calami
1326 213 1477 261 lapsum

118 285 218 323 notis
243 286 319 323 suis
345 295 545 334 propagare
572 284 709 331 soleat,
746 285 869 335 ipsum
897 284 1080 324 scholium
1107 282 1363 333 corrigendum
1394 282 1478 321 erit.

219 450 252 475 V.
284 437 367 474 146.
405 439 458 487 τῷ
483 441 657 478 πλουτεῖν
686 437 797 475 Godd.

220 538 341 579 Schol.
370 539 414 577 V.
460 538 618 580 ἅπαντα
647 542 716 580 τοῦ
747 540 912 580 πλούτου
952 539 1055 579 ἐστὶν
1093 539 1246 587 ὑπήκοα
1280 538 1347 578 ’καὶ
1384 537 1477 577 ὑπο-

119 610 346 662 τεταγμένα.

217 681 433 719 Verisimile
450 682 607 728 videtur,
635 683 749 720 etiam
776 683 816 720 in
841 683 946 720 textu
971 682 1186 732 genetivum
1211 682 1278 721 τοῦ
1303 684 1477 720 πλουτεῖν

117 752 209 789 olim
239 752 364 792 locum
401 753 592 799 habuisse,
633 765 717 791 cum
747 753 966 802 praesertim
1000 753 1096 802 apud
1129 753 1278 793 Atticos
1310 752 1478 801 ὑπήκοος

118 823 264 873 saepius
291 835 376 861 cum
401 825 573 874 genetivo
600 825 784 875 iungatur,
811 835 922 873 quam
947 836 1032 862 cum
1058 824 1195 863 dativo.

221 987 254 1012 V.
276 976 360 1013 148.
383 977 417 1014 9.
446 974 571 1030 ἔγωγε
599 994 653 1017 τοι
679 978 743 1018 διὰ
767 977 907 1029 μικρὸν
935 977 1163 1030 ἀργυρίδιον

441 1051 578 1095 δοῦλος
603 1051 816 1102 γεγένημαι
845 1049 911 1090 διὰ
937 1050 977 1089 τὸ
1004 1050 1057 1100 μὴ
1082 1053 1255 1089 πλουτεῖν
1280 1046 1384 1094 ἴσῶς.

223 1142 343 1179 SChOl·
371 1142 415 1179 R·
442 1143 579 1187 δοῦλος
603 1144 839 1194 γεγένημαιε
866 1142 1045 1193 πρότερον
1072 1138 1126 1181 (ἕν
1153 1141 1361 1191 ε’λεύὲνερος.

220 1213 453 1251 Intuentibus
489 1213 597 1250 nobis
638 1214 844 1251 accuratius
878 1214 1023 1251 textum
1062 1213 1171 1251 huius
1203 1212 1292 1257 loci,
1332 1212 1478 1261 qualem

120 1283 301 1320 traditum
336 1283 564 1332 accepimus,
600 1283 733 1332 duplex
766 1284 850 1333 διὰ,
891 1284 970 1322 sine
1002 1283 1258 1321 coniunctione
1292 1282 1340 1321 ad
1363 1294 1478 1320 unum

121 1354 293 1403 idemque
319 1354 472 1393 verbum
503 1355 733 1404 appositum,
764 1355 903 1393 mirum
931 1355 1123 1394 videbitur.
1176 1353 1347 1400 Accedit,
1382 1352 1479 1402 quod
1544 1379 1546 1381 -

121 1425 186 1465 διὰ
212 1426 352 1476 μικρὸν
377 1426 603 1477 ἀργυρίδιον
636 1427 673 1463 es]
708 1427 772 1466 διὰ
800 1426 839 1466 τὸ
865 1426 917 1478 μὴ
942 1431 1115 1467 πλουτεῖν
1143 1423 1235 1471 ἴσως
1269 1436 1379 1463 sensu
1403 1436 1478 1462 non

121 1497 176 1535 ita
212 1497 310 1534 inter
343 1508 381 1535 se
414 1497 605 1543 differunt,
647 1498 736 1546 quin
766 1498 943 1536 alterutro
980 1490 1088 1536 facile
1120 1509 1240 1535 carere
1270 1508 1343 1535 non
1367 1496 1477 1534 modo

120 1569 305 1617 possimus
333 1568 397 1606 sed
424 1569 538 1606 etiam
564 1570 733 1625 velimus.
791 1570 955 1617 Denique
981 1570 1047 1607 ille
1072 1581 1160 1607 usus
1183 1568 1347 1607 adverbii
1373 1556 1477 1613 ἴοως,

122 1650 193 1688 quo
223 1651 307 1677 eum
339 1639 479 1689 ὁμοίως
502 1641 696 1688 aequatur,
731 1651 912 1688 quemque
938 1641 1000 1678 hic
1026 1640 1347 1689 deprehendimus,
1382 1637 1479 1687 apud

120 1712 267 1750 Atticos
303 1712 473 1761 opinione
506 1712 624 1749 iarius
657 1712 827 1750 occurrit.
884 1712 968 1750 Iure
994 1712 1110 1761 igitur
1136 1711 1231 1749 illud
1267 1709 1332 1751 διὰ
1359 1710 1400 1749 τὸ
1425 1708 1477 1760 μὴ

122 1787 295 1822 πλουτεῖν
324 1786 537 1832 suspectum
555 1783 711 1821 videtur.
730 1807 780 1812 —
807 1784 889 1821 Iam
907 1784 940 1821 si
959 1784 1241 1833 explicationem
1259 1781 1479 1820 scholiastae

120 1853 167 1890 ad
200 1855 337 1899 δοῦλος
367 1855 580 1906 γεγένημαι
615 1854 840 1904 adscriptam
874 1855 1053 1907 πρότερον
1087 1850 1142 1895 ὢν
1175 1855 1374 1905 ἑλεύβερος
1405 1863 1478 1891 una

121 1936 205 1962 cum
239 1926 417 1963 lemmate
444 1926 742 1972 recitaverimus,
778 1926 886 1964 facile
912 1927 1241 1965 animadvertimus
1267 1926 1480 1964 trimetrum

122 1995 275 2033 evadere
310 1997 453 2035 iustum
489 2008 533 2035 ac
566 1997 791 2047 legitimum.
857 1997 1035 2045 Quocirca
1071 1997 1211 2036 conicio
1245 1996 1309 2037 διὰ
1347 1996 1388 2036 τὸ
1423 1995 1490 2047 μὴ»

121 2071 294 2106 πλουτεῖν
330 2064 422 2114 ἴσως
457 2069 742 2118 explicationem
775 2082 854 2109 esse
872 2071 1075 2109 verborum
1101 2069 1166 2109 διὰ
1192 2067 1332 2120 μικρὸν
1356 2069 1480 2121 οἷργυ-
1501 2056 1504 2058 Δ
1526 2090 1529 2093 ·

120 2137 254 2188 ρίδιον,
286 2148 379 2187 quae
405 2150 490 2178 cum
515 2150 603 2178 casu
628 2141 787 2189 quodam
812 2142 852 2179 in
876 2142 1022 2179 textum
1044 2141 1255 2190 migrasset,
1279 2140 1490 2190 genuinum,

120 2209 215 2248 illud
239 2211 418 2262 πρότερον
444 2207 499 2252 ὢν
525 2212 725 2263 ε’λεύβερος
759 2214 958 2252 extrusisse
973 2213 1141 2255 videtur.
1193 2212 1276 2250 Hoc
1300 2212 1417 2261 igitur
1442 2212 1482 2249 in

120 2281 266 2319 textum
290 2283 428 2331 reponi,
450 2283 545 2320 illud
571 2283 642 2321 eici
665 2284 784 2330 iubeo,
812 2295 883 2333 quo
908 2285 1005 2323 facto
1030 2284 1191 2322 molesta
1216 2282 1283 2320 illa
1307 2270 1481 2332 repetitio

122 2342 251 2391 causae
278 2354 317 2391 et
343 2353 476 2392 durum
490 2354 706 2404 asyndeton
730 2355 888 2402 tollitur,
914 2356 972 2395 vis
995 2357 1121 2395 autem
1139 2354 1345 2395 sententiae
1359 2354 1481 2404 magis

124 2423 293 2470 effertur,
331 2435 418 2464 nam
452 2426 632 2477 πρότερον
664 2424 720 2467 (ἕν
754 2428 951 2479 ἐλεύθερος
982 2438 1248 2467 cum-summa
1280 2427 1481 2466 acerbitate

125 2495 335 2545 oppositum
361 2498 419 2537 est
443 2499 565 2539 verbis
589 2500 726 2548 δοῦλος
751 2501 977 2554 γεγένημαι.
