1610 2765
666 100 715 104 -
761 77 814 113 31
868 99 917 103 ..-

154 194 157 197 ⁴
213 189 340 227 Sohol.
380 191 437 229 ἐκ4
459 191 533 229 τῶν
566 189 722 240 ἀνδρῶν
756 204 897 242 φηᾳιυ,
939 185 1033 234 ὅθεν
1068 189 1142 228 σι’-κ
1176 186 1330 239 ἔξεστιν.
1367 214 1405 217 --
1448 192 1468 230 ὁ

116 262 326 312 Σύμμαχος
333 276 345 308 1
368 261 527 314 ’γελοίως
552 261 688 311 φησίν·
715 256 809 305 ὅῇεν
831 256 946 310 ἥκεις,
972 261 1130 310 φαύλως
1146 258 1260 308 ἥκεις.
1280 284 1328 288 —
1354 259 1469 311 ἥκεις,

110 318 248 383 φησὶν,
275 335 328 379 εἰς
354 332 422 379 τὰς
447 337 581 384 χεῖρας
606 332 728 383 ἡμῶν,
754 327 849 377 δ’ἓιεν
875 331 922 371 οὐ
948 331 1078 383 φεύξῃ.

216 406 366 443 Primus
391 406 570 453 interpres
592 415 703 452 quam
729 404 948 452 scripturam
972 404 1117 441 secutus
1144 404 1205 449 sit,
1233 405 1385 443 dubium
1403 407 1468 444 est.

116 476 214 515 Nam
241 477 274 514 si
298 475 589 526 suppleverimus
616 472 722 523 ἥκειν
747 474 834 524 post
856 471 1011 524 ἔξεστιν,
1037 474 1172 523 legisse
1189 475 1344 522 videtur,
1372 477 1469 525 quod

117 548 219 586 codd.
244 549 391 593 habent}
415 548 485 584 hac
509 546 803 595 interpunctione
828 556 938 582 usus:
972 541 1094 593 ἥκεις,
1121 542 1215 590 ἔξιεν
1241 543 1343 594 ἥκεις
1369 549 1467 597 φαύ-

115 626 200 665 λως.
253 619 318 657 Sin
343 616 635 667 suppleverimus
661 617 832 669 φεύγειν,
858 615 905 654 ad
922 615 1023 653 idem
1039 616 1109 653 hoc
1127 616 1292 656 scholion
1312 619 1465 668 spectat,

115 691 163 728 ad
188 691 284 739 quod
310 690 416 728 tertii
444 690 577 727 scholii
602 691 744 735 auctor,
778 689 842 737 qui
872 686 974 736 ἥκεις
1000 685 1093 732 ὅβεν
1118 688 1163 726 οὐ
1192 689 1310 740 φεύξῃ
1343 690 1465 728 habet.

117 761 214 809 Quid
237 762 271 799 is
296 762 336 799 in
362 762 540 810 exemplis
567 762 643 799 suis
671 761 870 805 invenerit,
902 760 996 797 item
1019 759 1059 796 in
1082 758 1191 796 dubio
1218 761 1285 797 est.
1345 761 1467 809 Atque

117 832 276 870 Cobetus
307 832 456 880 quidem
487 833 613 881 putat,
646 833 783 881 legisse
816 843 901 869 eum
932 827 1036 879 ἥκεις
1065 827 1161 875 ἔδει)
1183 831 1256 870 οὐκ
1282 829 1364 882 ἔξει.
1415 834 1468 870 At

96 894 297 953 'quomodo
326 904 417 942 haec
444 915 528 942 cum
559 904 836 953 insequentibus
871 901 992 941 verbis
1028 902 1172 939 nectere
1205 903 1310 941 vult?
1369 904 1467 943 Nam

116 976 149 1013 si
181 972 284 1023 ἥκεις
316 971 410 1020 ὅθεν
430 976 518 1015 ὀὐκ
553 973 623 1025 ἔξει
655 974 858 1024 praecedit,
895 985 1005 1012 sensu
1035 974 1143 1022 plane
1170 976 1270 1011 caret
1297 975 1467 1026 ἀποδρὰς

114 1049 240 1098 λέξεις.
296 1048 352 1084 Ac
384 1058 430 1083 ne
462 1046 532 1084 hoc
565 1046 730 1094 quidem,
769 1046 865 1094 quod
899 1046 939 1083 in
970 1047 1136 1083 mentem
1169 1046 1293 1083 venire
1327 1048 1466 1095 possit:

114 1116 209 1164 ‹3322›
237 1118 284 1158 οὐ
309 1119 467 1168 φαύλως
492 1119 665 1168 ἀποδρὰς
691 1115 775 1168 ἕξει,
800 1119 952 1157 tolerari
977 1118 1121 1166 potest3
1148 1118 1226 1155 iam
1252 1118 1351 1155 enim
1377 1130 1467 1166 quae

115 1190 301 1227 secuntur:
333 1186 414 1227 οἷον
440 1189 591 1239 δράσας
617 1193 741 1233 διέδυς
764 1186 879 1239 ἔργον
896 1200 1022 1226 rursus
1040 1189 1080 1225 in
1098 1188 1331 1231 contrariam,
1358 1190 1467 1237 atque

113 1261 378 1311 praecedentia,
406 1259 629 1297 sententiam
654 1258 753 1297 dicta
777 1258 908 1297 forent.
936 1284 984 1288 -—
1009 1260 1200 1309 Reisigius
1215 1260 1315 1297 solus
1337 1271 1465 1299 verum

113 1333 341 1384 perspexisse
373 1331 469 1374 mihi
500 1330 663 1376 videtur,
693 1341 777 1368 cum
803 1330 842 1368 in
867 1332 1012 1369 textum
1037 1332 1234 1381 reciperet:
1278 1332 1358 1370 ἀλλ’
1395 1329 1466 1372 οὖν

117 1402 235 1452 ἥκεις,
259 1400 353 1448 ἕῇεν
385 1403 432 1441 οὐ
463 1403 621 1451 φαύλως
654 1402 826 1453 ἀποδρὰς
860 1403 975 1452 λέξεις
1010 1403 1147 1440 omisso
1183 1420 1230 1442 τε.
1292 1403 1465 1451 Idemque

114 1473 353 1511 scholiastam
377 1472 532 1509 tertium
556 1472 790 1520 interpretari
816 1473 978 1510 voluisse
1004 1473 1142 1521 opinor,
1165 1474 1208 1510 ut
1231 1474 1294 1521 qui
1319 1474 1465 1523 simpli-

114 1545 239 1583 citatis
264 1555 374 1582 causa
398 1544 570 1595 ἀποδρὰς
595 1545 634 1581 in
660 1544 914 1592 explanatione
939 1543 979 1581 in
1002 1544 1154 1582 verbum
1170 1544 1318 1583 finitum
1345 1548 1464 1597 φεύξῃ

113 1615 356 1654 transtulerit.
399 1638 438 1643 —
474 1615 574 1662 Quae
609 1616 734 1653 autem
765 1615 978 1665 Symmachi
1006 1614 1118 1652 fuerit
1144 1615 1273 1662 lectio,
1309 1626 1380 1653 non
1408 1617 1465 1653 est

114 1688 286 1733 dubium,
321 1687 437 1725 immo
470 1687 666 1726 manifesto
702 1687 781 1724 eius
815 1687 926 1725 verba
955 1686 1001 1724 ad
1034 1687 1201 1725 codicum
1227 1688 1462 1736 scripturam:

113 1757 229 1809 ἥκεις,
254 1755 347 1803 ὅξνευ
374 1755 488 1807 ἥκεις,
513 1758 671 1807 φαύλως
695 1758 772 1808 (Sic
797 1757 1127 1807 interpungendum
1137 1759 1162 1807 !)
1192 1759 1389 1807 pertinent.

693 1945 883 1991 Ranae

196 2027 359 2077 (Scholia
384 2026 559 2075 praebent
584 2025 628 2064 R.
655 2026 700 2063 V.
728 2036 770 2065 Θ.
797 2034 847 2065 Μ.
877 2027 979 2064 Cant.
1011 2028 1042 2063 1.
1069 2027 1103 2063 3.
1131 2027 1279 2064 Barocc.
1305 2027 1382 2077 38.)

214 2171 248 2197 V.
276 2159 336 2196 38.
373 2159 477 2198 τουτί
500 2159 537 2198 τί
561 2155 608 2206 ἦν
635 2159 745 2197 Codd.

216 2252 336 2290 Schol.
354 2252 398 2290 V.
418 2252 505 2290 cett.
533 2252 573 2291 rb
598 2251 669 2303 μὲν
695 2252 920 2298 ἀκόλουθον
946 2256 1019 2292 οὐκ
1037 2252 1318 2303 ἀνεπλήρωσεν,
1345 2252 1470 2303 εἰπὼν,

114 2321 218 2370 ὅστις
244 2322 361 2374 ἐστὶν,
387 2323 487 2363 ἀλλὰ
514 2323 732 2373 ἓναυμάσας
759 2323 967 2374 ἐπηρώτησε
992 2323 1046 2369 τίς
1072 2320 1137 2372 εἴη.

214 2395 304 2433 Inde
321 2395 520 2444 colligitur
545 2395 585 2432 in
607 2395 828 2433 scholiastae
853 2393 960 2433 libris
986 2407 1059 2434 non
1085 2397 1200 2434 fuisse
1228 2397 1334 2436 romi
1357 2398 1390 2436 τί
1412 2393 1472 2446 ἦν,

100 2467 178 2523 *sed
204 2461 316 2513 οὗτος
341 2466 393 2513 τίς
418 2461 479 2518 ἦν,
512 2466 572 2505 vel
598 2466 723 2504 simile
750 2466 848 2515 quid,
875 2465 1121 2506 masculinam
1148 2468 1278 2517 utique
1304 2468 1473 2505 formam.
