1610 2765
671 127 924 164 -3-,

122 239 271 288 quidem
294 251 333 277 se
360 239 540 277 Lamacho
567 248 647 275 esse
671 238 843 276 daturum
867 237 1079 276 affirmaret.
1139 236 1282 276 Deinde
1307 238 1348 276 ut
1373 236 1474 275 affir—

121 312 323 350 mationem
349 311 463 348 etiam
488 310 648 358 augeret,
673 309 889 361 repetiverit
913 309 1087 347 forsitan:
1368 335 1395 367 X

360 382 368 394 9
434 378 451 396 ’Λ
542 380 553 396 Χ
624 379 644 395 ἢ
718 382 726 395 9
803 380 814 394 Ι
899 381 911 397 Ι
1046 381 1057 396 ἱ
1130 381 1139 397 9
1203 381 1214 396 Ι

327 400 399 420 ουκ
425 399 477 419 αν
503 399 559 430 μα
587 388 631 420 Δι
651 410 663 430 ,
693 398 724 419 ει
751 385 834 429 δοιη
859 399 908 433 ’γε
932 399 998 433 μοι
1021 399 1089 429 την
1115 385 1273 421 ασπιδα.

220 549 251 573 v.
279 536 365 572 971.
391 532 485 579 εἶδες
510 531 543 574 ὦ
568 532 662 581 εἶδες
691 532 723 574 οἶ
762 536 873 574 COdd.

217 636 336 674 Schol.
364 637 541 675 metricus
566 637 607 675 in
623 646 663 676 Γ.
689 638 745 676 ita
762 649 888 676 versus
907 638 1040 676 abhinc
1056 649 1171 686 usque
1189 638 1235 675 ad
1253 638 1474 682 maerstem

116 709 301 753 discribit,
344 709 387 745 ut
421 709 465 748 ἐκ
497 709 736 759 μονομέτρου
771 708 839 748 καὶ
871 710 1121 760 τετραμέτρου
1156 708 1213 755 δὶς
1246 709 1327 748 κάκ
1363 710 1474 759 τριῶν

116 782 260 831 μέτρων
287 782 453 818 constare
478 780 590 819 dicat.
644 780 766 819 Verba
791 781 870 818 eius
897 781 1119 819 scholiastae
1146 781 1304 819 correxit
1321 781 1359 818 et
1376 780 1475 818 inter

114 852 334 889 Helioderea
352 852 491 900 recepit
510 852 771 897 Thiemannus‚
799 852 863 890 sed
880 863 1050 901 perverse
1067 853 1242 890 correxit:
1267 850 1474 890 παιωιηκαὶ

113 923 156 961 ἐκ
167 921 447 973 μουοῤῥύὲμου
460 922 528 962 καὶ
547 922 844 974 τετραῤῥύδμων
862 922 919 967 δὶς
936 922 1003 963 καὶ
1022 923 1223 973 τεσσάρων
1239 922 1473 973 διῤῥύξνμων.

111 993 224 1030 Recte
259 993 410 1041 quidem
439 1004 504 1042 pro
537 994 684 1043 μέτρων
715 993 756 1029 in
785 993 858 1030 fine
891 993 1115 1043 διρῥύρμων
1146 993 1314 1041 scripsit,
1354 992 1475 1029 cetera

111 1075 196 1102 vero
222 1064 257 1102 si
281 1072 527 1113 sequeremur,
555 1065 621 1102 aut
641 1064 825 1114 scriptura
850 1064 1019 1102 codicum
1049 1066 1194 1103 servata
1219 1064 1295 1102 tale
1323 1063 1475 1102 habere-

110 1147 193 1172 mus
217 1138 424 1173 monstrum
450 1136 666 1173 metricum:

817 1203 944 1258 ἄνδρα
976 1207 1042 1246 τὸν
1069 1207 1107 1253 ὗ]

417 1272 613 1328 πέρσοφῖῗ)
639 1276 683 1318 οἷ
698 1276 790 1327 ’ἔχει
818 1298 855 1321 x.
881 1297 912 1317 τ.
936 1285 971 1317 λ.

109 1348 205 1402 quod
230 1359 420 1397 nunquam
448 1349 650 1388 Heliodoro
678 1350 862 1399 imputare
888 1350 987 1395 licet,
1014 1351 1089 1395 aut,
1125 1351 1158 1387 si
1184 1345 1277 1393 εἶδες
1302 1344 1333 1388 ὦ
1360 1350 1476 1387 semel

108 1420 256 1457 tantum
282 1431 367 1458 cum
386 1421 499 1458 Suida
526 1421 734 1465 scribimus,
760 1410 853 1458 unus
880 1431 997 1470 paeon
1022 1421 1129 1459 nobis
1156 1421 1311 1460 deesset.
1367 1422 1474 1460 Chri-

109 1492 204 1528 stius
231 1492 271 1528 in
297 1492 358 1536 iis,
384 1503 477 1540 quae
504 1504 618 1541 nuper
644 1493 684 1533 in
706 1492 913 1531 Annalibus
940 1492 1055 1529 Acad.
1082 1492 1226 1531 Monac.
1253 1504 1347 1532 anno
1379 1494 1472 1531 1871

108 1563 316 1611 inscripsit:
346 1562 503 1607 „Werth
530 1563 593 1600 der
617 1562 876 1601 uberlieferten
893 1563 1126 1603 Kolometrie
1150 1564 1190 1601 in
1217 1564 1285 1602 den
1308 1576 1361 1614 gr.
1385 1565 1475 1602 Dra-

106 1639 216 1670 men“
252 1644 336 1682 pag.
364 1633 412 1670 26
447 1634 547 1672 recte
585 1635 710 1682 putat,
748 1634 916 1672 codicum
947 1635 1147 1672 lectionem
1172 1635 1212 1672 in
1239 1636 1309 1673 hoc
1334 1635 1474 1673 scholio

107 1706 245 1754 magis,
282 1716 393 1754 quam
420 1705 649 1743 Thiemanno
674 1706 871 1755 placuerit,
907 1706 1126 1745 servandam
1151 1717 1250 1752 esse,
1287 1706 1353 1744 sed
1379 1706 1475 1755 quod

109 1778 211 1823 dicit,
238 1773 356 1826 neque
384 1776 518 1826 duplex
544 1773 637 1822 εἶδες
665 1772 708 1827 ὦ,
743 1777 808 1815 sed
835 1779 951 1817 semel
977 1780 1136 1824 tantum,
1171 1790 1288 1828 neque
1315 1775 1367 1818 οἷ’
1395 1776 1472 1828 ἔχει

107 1850 244 1898 legisse
277 1849 538 1892 scholiastam,
576 1849 684 1885 errat.
744 1848 843 1886 Nam
872 1849 929 1895 δίς
965 1851 1003 1887 et
1028 1850 1075 1887 ad
1100 1855 1340 1901 μουομέτρου
1365 1852 1402 1887 et
1429 1850 1475 1887 ad

105 1913 357 1970 τετραμέτρου
383 1919 616 1957 referendum
634 1931 714 1957 esse
732 1921 893 1969 apparet,
920 1921 1016 1958 unde
1033 1921 1163 1966 elucet,
1191 1922 1308 1959 semel
1326 1921 1476 1970 quidem

106 1991 253 2028 tantum
288 1988 382 2035 εἶδες
417 1985 449 2029 ὦ
481 1990 520 2027 in
551 1990 773 2028 scholiastae
806 1991 913 2030 libris
946 1992 1079 2038 fuisse,
1117 1993 1183 2031 sed
1217 1991 1290 2030 non
1317 1992 1476 2030 defuisse

107 2059 147 2101 οἷ
170 2059 284 2112 Ἔχει,
315 2062 370 2100 ita
399 2063 442 2099 ut
474 2062 564 2100 talis
595 2061 730 2100 divisio
766 2074 940 2102 versuum
971 2064 1117 2103 evadat:
1154 2060 1248 2110 εἶδες
1274 2060 1306 2103 ὦ
1328 2068 1333 2114 1
1365 2064 1475 2103 πᾶσα

109 2135 192 2173 πόλι
221 2133 286 2174 τὸν
312 2134 502 2187 φρόνιμον
521 2132 650 2187 ἄνδρα
670 2135 735 2173 τὸν
753 2135 987 2185 ὑπέρσοφον,
1013 2133 1056 2175 οἷ
1071 2134 1164 2186 ’ἔχει
1187 2142 1193 2184 Ι
1217 2136 1476 2186 σπεισάμενος

111 2205 301 2256 ἐμπορικὰ
328 2207 513 2259 χρήματα
544 2207 779 2259 διεμπολᾶν,
814 2202 869 2246 ὧν
896 2207 942 2246 τὰ
968 2206 1042 2259 μὲν
1070 2210 1110 2248 ἑυ
1139 2210 1246 2258 οἰκίᾳ
1267 2215 1273 2256 Ι
1296 2209 1475 2261 χρήσιμα

109 2276 155 2315 τὰ
185 2271 274 2316 δἀὖ
300 2279 425 2328 πρέπει
450 2279 454 2320 Ι
478 2271 636 2328 χλιαρὰ
653 2278 887 2324 κατεσβῖειυ.

209 2348 309 2395 Quae
346 2360 433 2387 sane
469 2350 549 2388 tam
579 2350 758 2388 concinna
795 2351 834 2388 et
867 2352 954 2399 apta
988 2352 1060 2398 est,
1096 2354 1138 2390 ut
1162 2364 1243 2391 eam
1270 2354 1309 2391 in
1332 2353 1476 2391 textum

112 2431 283 2468 reponere
311 2432 384 2458 non
412 2420 670 2467 dubitaverim.
1185 2418 1187 2420 ’
