1610 2765
125 249 167 285 ut
190 248 286 286 alius
302 248 395 296 'quis
419 248 685 295 grammaticus
712 259 840 286 versus
867 248 942 286 505
960 250 999 287 et
1024 250 1059 295 6,
1086 250 1151 298 qui
1174 250 1364 288 coniuncti
1389 250 1487 299 legi-

125 320 262 358 timum
286 319 545 358 tetrametrum
572 318 752 366 efficiunt,
781 320 841 359 vel
867 320 1067 359 secundum
1092 320 1230 359 codicis
1257 321 1302 360 G.
1328 308 1487 371 seriptu-

125 403 204 429 ram
240 403 275 430 v.
302 392 376 429 504
412 392 626 431 trimetrum
658 392 935 442 anapaesticum
967 393 1086 431 denuo
1110 393 1394 442 anapaestorum
1417 403 1487 430 nu·

124 473 224 500 mero
251 462 463 500 includeret.

224 619 257 644 v.
285 607 371 644 658.
398 610 475 653 τοῖς
500 602 665 659 βολίτοις
692 608 804 647 Codd.

223 698 345 736 Schol.
365 698 410 736 V.
430 700 517 737 cett.
537 700 693 738 lemma:
714 705 790 745 τοῖς
807 700 974 751 βολίτοις
990 700 1203 750 ἡττημένος.
1240 700 1317 738 Sec.
1336 700 1483 749 explic:

122 773 196 814 τοῖς
221 770 395 820 βοϊδίοις·
423 771 445 818 ἧ
473 770 557 822 γὰρ
586 772 654 811 τοῦ
677 770 768 822 βοὸς
795 771 922 811 κοιλία
949 771 1103 821 βόλιτον
1130 769 1220 821 ἔχει.

224 840 360 879 Velsen
393 852 478 879 cum
491 827 497 833 ’
511 853 550 880 se
577 842 793 893 intellegere
817 843 947 891 neget,
984 853 1054 891 quo
1081 843 1223 891 spectet
1248 843 1270 891 ἡ
1300 845 1368 883 τοῦ
1394 843 1485 895 βοὸς

121 912 268 962 κοιλία,
302 923 450 951 versum
484 914 648 962 aliquem
681 914 789 963 putat
803 912 1020 970 ‘excidissffi
1050 913 1090 951 in
1125 924 1195 961 quo
1234 914 1327 952 hanc
1356 925 1484 953 vocem

121 983 323 1021 scholiasta
359 984 574 1023 invenisset.
628 986 681 1024 At
714 986 753 1023 id
780 985 931 1034 quidem
959 984 1115 1022 minime
1140 986 1389 1024 necessarium
1416 986 1483 1024 est.

120 1054 219 1092 Nam
247 1055 269 1103 ἡ
297 1057 378 1106 γὰρ
406 1058 475 1095 τοῦ
500 1056 591 1108 βοὸς
616 1057 743 1097 κοιλία
768 1057 921 1108 βόλιτον
950 1052 1028 1104 ἔχει
1052 1055 1250 1094 manifesto
1278 1057 1323 1095 ab
1350 1067 1392 1094 ΘΟ
1419 1068 1484 1106 ap·

119 1127 285 1175 positum
318 1128 394 1173 est,
431 1128 474 1164 ut
500 1128 682 1166 rationem
714 1127 899 1172 redderet,
935 1137 998 1165 cur
1031 1130 1107 1171 τοῖς
1132 1126 1294 1177 βολίτοις
1319 1137 1384 1176 per
1409 1132 1484 1184 τοῖς

120 1199 276 1249 βοϊδίοις
302 1200 533 1249 explicasset.

221 1270 424 1321 ἡττημένος
451 1270 563 1307 Codd.

222 1362 345 1400 Schol.
365 1362 408 1400 V.
428 1363 515 1400 cett.
543 1363 583 1400 in
609 1362 786 1400 lemmate
811 1361 912 1400 idem
937 1363 1084 1400 habent.
1128 1362 1334 1411 Explicatio
1358 1362 1483 1399 autem

120 1435 210 1471 haec
235 1434 310 1471 osb:
336 1434 438 1485 λέγει
467 1433 506 1474 δὲ
533 1434 698 1483 φαύλοις
724 1430 864 1472 εἴδεσιν
890 1433 1114 1483 ἡττώμενος,

118 1506 157 1543 in
185 1516 256 1554 qua
282 1505 405 1543 nescio
433 1515 480 1542 an
506 1504 553 1542 ad
579 1504 732 1542 verbum
756 1505 900 1553 repetat
925 1504 1126 1542 scholiasta
1151 1505 1313 1549 textum,
1349 1503 1482 1553 legerit

118 1577 235 1625 igitur
261 1576 486 1626 ἡττώμενος,
512 1586 585 1613 non
611 1574 825 1626 ἡττημένος.
880 1575 951 1612 Sed
977 1575 1119 1612 incerta
1135 1586 1194 1612 res
1213 1575 1280 1619 est,
1308 1563 1483 1623 quonia'm

117 1647 312 1694 ἠττᾶσῡαι
346 1646 449 1684 verbi
483 1646 598 1683 etiam
623 1657 795 1694 praesens
821 1648 969 1695 tempus
994 1656 1059 1695 pro
1086 1645 1248 1695 perfecto
1273 1645 1480 1694 usurpatur,

117 1718 202 1766 apte
227 1717 345 1767 igitur
372 1717 434 1754 hic
462 1727 605 1765 quoque
632 1728 717 1754 eum
744 1727 786 1754 eo
812 1717 936 1766 potuit
962 1717 1196 1755 commutari.

219 1863 304 1899 695.
334 1862 430 1911 ἐνείη
459 1873 586 1899 omnes
613 1862 725 1899 Codd.
777 1898 782 1903 ,

217 1955 261 1992 In
286 1954 330 1991 V.
360 1955 447 1991 cett.
474 1954 532 1992 ad.
560 1966 595 1992 V.
622 1954 698 1992 694
729 1954 885 1992 lemma:
912 1956 945 1992 εἰ
968 1955 1021 2004 μὴ
1049 1954 1082 1992 σ’
1113 1954 1366 2004 ἀπολέσαιμιε
1400 1950 1481 1993 οἷον

117 2027 442 2076 διαμαρτήσαιμι,
467 2023 579 2074 φησὶ,
607 2025 671 2072 τῆς
697 2025 864 2073 ἐλπίδος,
893 2022 934 2064 εἴ
952 2042 983 2064 τι
1012 2026 1086 2063 τῶν
1113 2025 1215 2074 ἕμῶν
1242 2024 1481 2075 ψευσμάτων

118 2096 356 2147 ὑποκρίναιο.
375 2120 425 2124 -
450 2094 591 2143 ἄλλως.
635 2095 676 2137 εἴ
694 2114 726 2136 τι
754 2098 828 2138 τῶν
855 2096 1021 2137 ἐνόντων
1046 2113 1112 2146 μοι
1138 2096 1295 2145 ψευδῶν
1312 2095 1481 2144 σώζεται

117 2166 185 2207 καὶ
215 2167 268 2219 μὴ
302 2167 532 2209 ἀπολώλεκα
565 2168 606 2209 τὸ
641 2168 873 2219 ψεύδεσθαι.
902 2191 950 2196 --
984 2161 1149 2206 Diversis
1174 2166 1479 2217 explicationibus

116 2239 281 2277 diversae
309 2239 489 2278 lectiones
525 2241 691 2279 subsunt.
744 2242 869 2290 Atque
903 2240 1082 2279 secundae
1117 2239 1267 2289 quidem
1290 2240 1480 2278 auctorem

118 2309 238 2347 elucet
272 2310 408 2360 legisse
444 2307 565 2350 ἔνεστι
599 2310 845 2350 indicativum
878 2312 916 2350 et
941 2312 1036 2349 hanc
1058 2311 1279 2361 scripturam
1303 2311 1479 2349 Reiskius

117 2383 157 2419 in
182 2383 327 2420 textum
360 2384 510 2433 recepit.
562 2383 668 2422 Idem
694 2395 780 2422 vero
807 2383 905 2433 quod
929 2384 1072 2424 λοιπῶν
1094 2394 1160 2433 pro
1186 2382 1317 2423 αὐτῶν
1341 2383 1478 2433 posuit,

115 2464 189 2491 non
215 2453 340 2499 video,
373 2454 465 2502 quid
490 2455 561 2493 hoc
585 2455 658 2493 sibi
684 2456 789 2493 velit.
843 2454 943 2494 Nam
970 2455 1172 2494 scholiasta
1194 2467 1268 2494 non
1294 2455 1406 2494 dicit:
1446 2455 1480 2493 si

110 2525 204 2575 quid
231 2536 359 2564 earum
383 2537 479 2576 quae
504 2527 601 2567 mihi
625 2528 823 2578 supersunt
843 2527 1075 2567 fallaciarum
1096 2514 1213 2576 inest,
1236 2527 1316 2567 seda
1339 2528 1374 2567 si
1390 2527 1487 2578 quid.
