1610 2765
641 71 892 109 ..42-

484 629 657 698 Vitae
715 628 1056 711 descriptio.

177 902 262 938 Ego,
292 900 422 930 Carolus
454 901 607 931 Gustavus
637 901 806 931 Guilelmus
832 900 925 930 Otto
949 901 1080 938 Lange
1110 911 1137 930 a.
1160 902 1190 930 d.
1210 900 1259 929 XI
1280 899 1347 929 Cal.
1371 898 1454 937 Sept.
1505 925 1508 928 .

95 963 165 991 anni
188 961 366 992 MDCCCL
388 962 522 992 Sundiae
544 968 629 1002 patre
651 962 797 993 Carolo
820 960 996 992 mercatore‘
1009 967 1098 992 natus
1119 967 1149 992 et
1169 962 1238 991 fidei
1260 963 1455 1001 evangelicae

93 1026 244 1061 addictus,
267 1030 427 1064 postquam
449 1026 519 1055 inde
541 1035 559 1055 a
581 1035 662 1055 nono
684 1027 792 1056 aetatis
807 1035 888 1055 anno
902 1026 935 1055 in
950 1025 1110 1064 disciplina
1124 1025 1273 1064 gymnasii
1290 1025 1456 1055 Sundensis

94 1092 230 1117 versatus
267 1097 347 1117 anno
378 1071 668 1118 MDCCCLXVII'I
703 1089 841 1127 paschali
880 1094 1013 1126 tempore
1042 1088 1245 1118 testimonium
1274 1089 1456 1118 maturitatis

95 1153 222 1191 adeptus
245 1161 320 1187 sum,
342 1153 372 1180 in
393 1151 617 1181 universitatem
633 1150 942 1189 Gryphisvaldensem
958 1160 1005 1180 me
1020 1151 1144 1187 contuli,
1167 1156 1200 1180 ut
1216 1152 1347 1189 antiquis
1362 1151 1456 1181 literis

95 1223 218 1253 operam
252 1215 363 1243 darem.
419 1213 465 1242 Ibi
500 1222 568 1242 cum
600 1222 654 1252 per
688 1213 749 1242 duo
779 1213 936 1242 semestria
969 1213 1088 1252 scholis,
1109 1212 1253 1243 Virorum
1287 1213 1457 1244 Doctorum

97 1277 313 1306 Schoeman
325 1277 375 1311 ui,
390 1275 640 1311 Buecheleri,
657 1274 859 1310 Prennori,
874 1274 1096 1310 Wieseleri‚
1112 1275 1279 1306 Vilmari
1295 1275 1456 1312 affuissem,

97 1338 274 1368 Berolinum
297 1337 509 1375 transmigravi
519 1358 527 1373 ‚
558 1337 611 1366 ubi
632 1337 734 1366 studia
757 1346 824 1366 mea
846 1346 900 1375 per
920 1338 997 1366 duos
1018 1343 1048 1366 et
1069 1338 1191 1376 insuper
1216 1347 1312 1367 annos
1336 1339 1458 1368 exercui

99 1401 251 1430 audiendo
286 1401 408 1430 scholas
440 1400 622 1437 Hauptii,
652 1400 700 1428 Ki
711 1400 773 1428 rch
784 1399 921 1435 hoffii,
951 1400 1181 1438 Droysenii,
1210 1400 1435 1431 Trendelen
1446 1418 1458 1423 -

99 1463 147 1491 bu
158 1463 250 1500 rgii,
292 1463 343 1491 Mi
354 1463 516 1498 cheleti,
546 1462 657 1492 Werd
667 1463 736 1498 eri,
775 1462 993 1501 Geppertii,
1038 1463 1246 1501 Kieperfii,
1282 1463 1457 1494 Mflllen-

99 1525 119 1553 h
128 1534 146 1554 ο
154 1525 169 1554 f
174 1525 188 1554 f
195 1526 204 1553 i
214 1526 222 1553 i
232 1547 240 1561 ‚
269 1526 299 1554 in
327 1526 413 1563 quus
436 1526 609 1554 societatem
632 1524 843 1554 Germanicam
865 1525 1014 1564 ascriptus
1038 1534 1104 1555 sum
1113 1548 1120 1561 ,
1153 1526 1291 1555 aliorum.
1333 1525 1398 1555 Iam
1421 1528 1459 1555 ad

100 1589 241 1617 examina
269 1588 456 1617 absolvenda
484 1587 750 1626 Gryphisvaldiam
780 1597 916 1617 reversus
951 1589 1089 1617 omnibus
1117 1589 1163 1618 his
1196 1589 1267 1618 viris
1300 1589 1396 1618 doctis
1427 1594 1461 1618 ut

100 1651 242 1688 quicquid
265 1652 294 1679 in
321 1651 426 1679 litteris
449 1650 577 1689 profeci,
604 1651 731 1680 libenter
755 1656 910 1689 acceptum
932 1651 1037 1686 refero,
1061 1652 1104 1680 ita
1125 1652 1175 1689 pio
1198 1656 1227 1681 et
1248 1652 1461 1681 venei-abundo

101 1713 202 1741 animo
226 1713 340 1749 gratias
363 1712 479 1742 debitas
503 1722 570 1749 ago.
