<?xml version="1.0" encoding="UTF-8"?>
<!DOCTYPE html PUBLIC "-//W3C//DTD XHTML 1.0 Transitional//EN"
    "http://www.w3.org/TR/xhtml1/DTD/xhtml1-transitional.dtd">
<html xmlns="http://www.w3.org/1999/xhtml" xml:lang="en" lang="en">
 <head>
  <title>
</title>
<meta http-equiv="Content-Type" content="text/html;charset=utf-8" />
  <meta name='ocr-system' content='tesseract 3.04.00' />
  <meta name='ocr-capabilities' content='ocr_page ocr_carea ocr_par ocr_line ocrx_word'/>
</head>
<body>
  <div class='ocr_page' id='page_1' title='image "./4627223_0048.png"; bbox 0 0 1610 2765; ppageno 0'>
   <div class='ocr_carea' id='block_1_1' title="bbox 234 86 1483 249">
    <p class='ocr_par' dir='ltr' id='par_1_1' title="bbox 234 86 1483 249">
     <span class='ocr_line' id='line_1_1' title="bbox 682 86 933 125; baseline -0.004 -9"><span class='ocrx_word' id='word_1_1' title='bbox 682 111 731 116; x_wconf 81' lang='lat'>..</span> <span class='ocrx_word' id='word_1_2' title='bbox 782 86 830 125; x_wconf 85' lang='lat'>37</span> <span class='ocrx_word' id='word_1_3' title='bbox 883 108 933 115; x_wconf 62' lang='grc'>..,</span> 
     </span>
     <span class='ocr_line' id='line_1_2' title="bbox 234 197 1483 249; baseline 0.002 -12"><span class='ocrx_word' id='word_1_4' title='bbox 234 198 335 246; x_wconf 70' lang='lat' dir='ltr'>Quae</span> <span class='ocrx_word' id='word_1_5' title='bbox 369 198 566 249; x_wconf 84' lang='lat' dir='ltr'>explicatio</span> <span class='ocrx_word' id='word_1_6' title='bbox 600 198 647 236; x_wconf 85' lang='lat' dir='ltr'>ad</span> <span class='ocrx_word' id='word_1_7' title='bbox 680 198 879 237; x_wconf 86' lang='lat' dir='ltr'>lectionem</span> <span class='ocrx_word' id='word_1_8' title='bbox 903 197 1094 236; x_wconf 84' lang='lat' dir='ltr'>dumtaxat</span> <span class='ocrx_word' id='word_1_9' title='bbox 1123 198 1292 236; x_wconf 89' lang='lat' dir='ltr'>codicum</span> <span class='ocrx_word' id='word_1_10' title='bbox 1319 200 1483 248; x_wconf 75' lang='lat' dir='ltr'><strong>quadrat,</strong></span> 
     </span>
    </p>
   </div>
   <div class='ocr_carea' id='block_1_2' title="bbox 132 269 1485 319">
    <p class='ocr_par' dir='ltr' id='par_1_2' title="bbox 132 269 1485 319">
     <span class='ocr_line' id='line_1_3' title="bbox 132 269 1485 319; baseline 0.001 -11"><span class='ocrx_word' id='word_1_11' title='bbox 132 273 217 308; x_wconf 85' lang='lat' dir='ltr'>cum</span> <span class='ocrx_word' id='word_1_12' title='bbox 241 271 362 319; x_wconf 83' lang='lat' dir='ltr'>ipsam</span> <span class='ocrx_word' id='word_1_13' title='bbox 387 281 537 309; x_wconf 85' lang='lat' dir='ltr'>causam</span> <span class='ocrx_word' id='word_1_14' title='bbox 561 270 677 307; x_wconf 87' lang='lat' dir='ltr'>schol.</span> <span class='ocrx_word' id='word_1_15' title='bbox 702 269 851 314; x_wconf 84' lang='lat' dir='ltr'>afferat,</span> <span class='ocrx_word' id='word_1_16' title='bbox 879 280 1072 307; x_wconf 56' lang='lat' dir='ltr'>cui-..nemo</span> <span class='ocrx_word' id='word_1_17' title='bbox 1096 270 1312 319; x_wconf 87' lang='lat' dir='ltr'>paupertate</span> <span class='ocrx_word' id='word_1_18' title='bbox 1338 274 1485 309; x_wconf 85' lang='lat' dir='ltr'>coactus</span> 
     </span>
    </p>
   </div>
   <div class='ocr_carea' id='block_1_3' title="bbox 131 340 1486 535">
    <p class='ocr_par' dir='ltr' id='par_1_3' title="bbox 131 340 1486 535">
     <span class='ocr_line' id='line_1_4' title="bbox 132 340 1484 391; baseline 0.003 -12"><span class='ocrx_word' id='word_1_19' title='bbox 132 340 209 380; x_wconf 88' lang='lat' dir='ltr'>iam</span> <span class='ocrx_word' id='word_1_20' title='bbox 236 340 376 391; x_wconf 85' lang='lat' dir='ltr'>aliquid</span> <span class='ocrx_word' id='word_1_21' title='bbox 402 340 545 387; x_wconf 82' lang='lat' dir='ltr'>horum,</span> <span class='ocrx_word' id='word_1_22' title='bbox 571 350 666 389; x_wconf 84' lang='lat' dir='ltr'>qnae</span> <span class='ocrx_word' id='word_1_23' title='bbox 682 350 793 390; x_wconf 86' lang='lat' dir='ltr'>supra</span> <span class='ocrx_word' id='word_1_24' title='bbox 817 340 1205 389; x_wconf 76' lang='lat' dir='ltr'>commemorabantur,</span> <span class='ocrx_word' id='word_1_25' title='bbox 1233 341 1395 381; x_wconf 84' lang='lat' dir='ltr'>facturus</span> <span class='ocrx_word' id='word_1_26' title='bbox 1422 344 1484 383; x_wconf 89' lang='lat' dir='ltr'>sit.</span> 
     </span>
     <span class='ocr_line' id='line_1_5' title="bbox 133 412 1486 464; baseline 0.001 -13"><span class='ocrx_word' id='word_1_27' title='bbox 133 437 182 441; x_wconf 90' lang='lat'><strong>—</strong></span> <span class='ocrx_word' id='word_1_28' title='bbox 209 413 367 451; x_wconf 82' lang='lat' dir='ltr'>Causam</span> <span class='ocrx_word' id='word_1_29' title='bbox 401 413 563 461; x_wconf 81' lang='lat' dir='ltr'>corrupti</span> <span class='ocrx_word' id='word_1_30' title='bbox 596 412 785 450; x_wconf 85' lang='lat' dir='ltr'>lemmatis</span> <span class='ocrx_word' id='word_1_31' title='bbox 819 412 922 461; x_wconf 87' lang='lat' dir='ltr'>patet</span> <span class='ocrx_word' id='word_1_32' title='bbox 956 412 995 448; x_wconf 88' lang='lat' dir='ltr'>in</span> <span class='ocrx_word' id='word_1_33' title='bbox 1020 413 1257 461; x_wconf 76' lang='lat' dir='ltr'>praecedente</span> <span class='ocrx_word' id='word_1_34' title='bbox 1283 415 1396 455; x_wconf 76' lang='grc' dir='ltr'>οὐδὲν</span> <span class='ocrx_word' id='word_1_35' title='bbox 1422 428 1486 464; x_wconf 88' lang='lat' dir='ltr'>per</span> 
     </span>
     <span class='ocr_line' id='line_1_6' title="bbox 131 482 571 535; baseline -0.007 -12"><span class='ocrx_word' id='word_1_36' title='bbox 131 482 419 535; x_wconf 85' lang='lat' dir='ltr'>dittographiam</span> <span class='ocrx_word' id='word_1_37' title='bbox 445 482 571 521; x_wconf 86' lang='lat' dir='ltr'>latere.</span> 
     </span>
    </p>
   </div>
   <div class='ocr_carea' id='block_1_4' title="bbox 234 615 867 668">
    <p class='ocr_par' dir='ltr' id='par_1_4' title="bbox 234 615 867 668">
     <span class='ocr_line' id='line_1_7' title="bbox 234 615 867 668; baseline -0.003 -14"><span class='ocrx_word' id='word_1_38' title='bbox 234 628 268 655; x_wconf 89' lang='lat' dir='ltr'>V.</span> <span class='ocrx_word' id='word_1_39' title='bbox 298 617 381 654; x_wconf 88' lang='lat'><strong>753.</strong></span> <span class='ocrx_word' id='word_1_40' title='bbox 433 615 738 668; x_wconf 70' lang='grc' dir='ltr'><em>μετοικιζόμενος</em></span> <span class='ocrx_word' id='word_1_41' title='bbox 766 615 867 653; x_wconf 82' lang='lat' dir='ltr'>codd.</span> 
     </span>
    </p>
   </div>
   <div class='ocr_carea' id='block_1_5' title="bbox 235 701 833 759">
    <p class='ocr_par' dir='ltr' id='par_1_5' title="bbox 235 701 833 759">
     <span class='ocr_line' id='line_1_8' title="bbox 235 701 833 759; baseline 0.002 -13"><span class='ocrx_word' id='word_1_42' title='bbox 235 710 357 747; x_wconf 77' lang='lat' dir='ltr'>Schol.</span> <span class='ocrx_word' id='word_1_43' title='bbox 384 701 428 746; x_wconf 86' lang='lat' dir='ltr'><strong>R.</strong></span> <span class='ocrx_word' id='word_1_44' title='bbox 455 708 669 759; x_wconf 74' lang='grc' dir='ltr'><strong><em>μετοικῖσαι</em></strong></span> <span class='ocrx_word' id='word_1_45' title='bbox 696 709 833 753; x_wconf 60' lang='grc' dir='ltr'><strong><em>βὲλων.</em></strong></span> 
     </span>
    </p>
   </div>
   <div class='ocr_carea' id='block_1_6' title="bbox 235 778 1487 831">
    <p class='ocr_par' dir='ltr' id='par_1_6' title="bbox 235 778 1487 831">
     <span class='ocr_line' id='line_1_9' title="bbox 235 778 1487 831; baseline 0.001 -13"><span class='ocrx_word' id='word_1_46' title='bbox 235 779 387 831; x_wconf 80' lang='lat' dir='ltr'>Legisse</span> <span class='ocrx_word' id='word_1_47' title='bbox 412 778 559 818; x_wconf 77' lang='lat' dir='ltr'>videtur</span> <span class='ocrx_word' id='word_1_48' title='bbox 582 779 908 831; x_wconf 73' lang='grc' dir='ltr'><strong><em>μετοικισόμευος,</em></strong></span> <span class='ocrx_word' id='word_1_49' title='bbox 941 779 1037 829; x_wconf 88' lang='lat' dir='ltr'>quod</span> <span class='ocrx_word' id='word_1_50' title='bbox 1064 791 1105 818; x_wconf 91' lang='lat' dir='ltr'>eo</span> <span class='ocrx_word' id='word_1_51' title='bbox 1132 780 1252 831; x_wconf 84' lang='lat' dir='ltr'>magis</span> <span class='ocrx_word' id='word_1_52' title='bbox 1278 781 1318 818; x_wconf 89' lang='lat' dir='ltr'>in</span> <span class='ocrx_word' id='word_1_53' title='bbox 1343 782 1487 820; x_wconf 86' lang='lat' dir='ltr'>textum</span> 
     </span>
    </p>
   </div>
   <div class='ocr_carea' id='block_1_7' title="bbox 135 852 1487 972">
    <p class='ocr_par' dir='ltr' id='par_1_7' title="bbox 135 852 1487 972">
     <span class='ocr_line' id='line_1_10' title="bbox 135 852 1487 902; baseline 0 -12"><span class='ocrx_word' id='word_1_54' title='bbox 135 852 383 901; x_wconf 90' lang='lat' dir='ltr'>reponendum</span> <span class='ocrx_word' id='word_1_55' title='bbox 416 863 495 889; x_wconf 90' lang='lat' dir='ltr'>esse</span> <span class='ocrx_word' id='word_1_56' title='bbox 528 862 672 897; x_wconf 88' lang='lat' dir='ltr'>censeo,</span> <span class='ocrx_word' id='word_1_57' title='bbox 712 863 796 889; x_wconf 90' lang='lat' dir='ltr'>cum</span> <span class='ocrx_word' id='word_1_58' title='bbox 829 853 869 889; x_wconf 92' lang='lat' dir='ltr'>in</span> <span class='ocrx_word' id='word_1_59' title='bbox 901 852 1067 901; x_wconf 83' lang='lat' dir='ltr'>proximo</span> <span class='ocrx_word' id='word_1_60' title='bbox 1101 863 1208 889; x_wconf 88' lang='lat' dir='ltr'>versu</span> <span class='ocrx_word' id='word_1_61' title='bbox 1249 854 1487 902; x_wconf 71' lang='lat' dir='ltr'>participium</span> 
     </span>
     <span class='ocr_line' id='line_1_11' title="bbox 137 923 432 972; baseline -0.003 -11"><span class='ocrx_word' id='word_1_62' title='bbox 137 923 254 961; x_wconf 67' lang='lat' dir='ltr'>futuri</span> <span class='ocrx_word' id='word_1_63' title='bbox 277 923 432 972; x_wconf 88' lang='lat' dir='ltr'>legatur.</span> 
     </span>
    </p>
   </div>
   <div class='ocr_carea' id='block_1_8' title="bbox 139 1052 1495 1546">
    <p class='ocr_par' dir='ltr' id='par_1_8' title="bbox 240 1052 902 1104">
     <span class='ocr_line' id='line_1_12' title="bbox 240 1052 902 1104; baseline -0.005 -10"><span class='ocrx_word' id='word_1_64' title='bbox 240 1056 349 1094; x_wconf 87' lang='lat'><strong>1101.</strong></span> <span class='ocrx_word' id='word_1_65' title='bbox 402 1052 577 1104; x_wconf 58' lang='grc' dir='ltr'>ἕᾷςουσαυ</span> <span class='ocrx_word' id='word_1_66' title='bbox 600 1055 774 1101; x_wconf 61' lang='grc' dir='ltr'>λήκυὲτου</span> <span class='ocrx_word' id='word_1_67' title='bbox 801 1054 902 1092; x_wconf 84' lang='lat' dir='ltr'><strong>codd.</strong></span> 
     </span>
    </p>

    <p class='ocr_par' dir='ltr' id='par_1_9' title="bbox 139 1146 1492 1266">
     <span class='ocr_line' id='line_1_13' title="bbox 240 1146 1492 1197; baseline 0.001 -13"><span class='ocrx_word' id='word_1_68' title='bbox 240 1147 360 1184; x_wconf 81' lang='lat' dir='ltr'>Schol.</span> <span class='ocrx_word' id='word_1_69' title='bbox 387 1147 432 1184; x_wconf 88' lang='lat' dir='ltr'>R.</span> <span class='ocrx_word' id='word_1_70' title='bbox 465 1147 589 1197; x_wconf 81' lang='grc' dir='ltr'><em>Φρύνη</em></span> <span class='ocrx_word' id='word_1_71' title='bbox 622 1147 772 1196; x_wconf 77' lang='grc' dir='ltr'>ἀρχαία</span> <span class='ocrx_word' id='word_1_72' title='bbox 803 1146 980 1196; x_wconf 71' lang='grc' dir='ltr'><em>γυνή.οἱ</em></span> <span class='ocrx_word' id='word_1_73' title='bbox 1004 1146 1047 1186; x_wconf 74' lang='grc' dir='ltr'>δὲ</span> <span class='ocrx_word' id='word_1_74' title='bbox 1081 1146 1203 1197; x_wconf 74' lang='grc' dir='ltr'><em>ῥυτὶς,</em></span> <span class='ocrx_word' id='word_1_75' title='bbox 1236 1147 1408 1194; x_wconf 57' lang='grc' dir='ltr'><strong><em>λήκυβος</em></strong></span> <span class='ocrx_word' id='word_1_76' title='bbox 1452 1146 1492 1185; x_wconf 68' lang='grc' dir='ltr'>δὲ</span> 
     </span>
     <span class='ocr_line' id='line_1_14' title="bbox 139 1216 322 1266; baseline -0.005 -9"><span class='ocrx_word' id='word_1_77' title='bbox 139 1216 322 1266; x_wconf 72' lang='grc' dir='ltr'><em>ὦδηκυῖα.</em></span> 
     </span>
    </p>

    <p class='ocr_par' dir='ltr' id='par_1_10' title="bbox 140 1288 1495 1546">
     <span class='ocr_line' id='line_1_15' title="bbox 242 1288 1495 1338; baseline 0 -12"><span class='ocrx_word' id='word_1_78' title='bbox 242 1288 432 1327; x_wconf 88' lang='lat' dir='ltr'>Scholium</span> <span class='ocrx_word' id='word_1_79' title='bbox 471 1289 595 1338; x_wconf 86' lang='lat' dir='ltr'>aperte</span> <span class='ocrx_word' id='word_1_80' title='bbox 630 1288 842 1336; x_wconf 79' lang='lat' dir='ltr'>corruptum</span> <span class='ocrx_word' id='word_1_81' title='bbox 874 1290 941 1324; x_wconf 77' lang='lat' dir='ltr'>est.</span> <span class='ocrx_word' id='word_1_82' title='bbox 1017 1288 1143 1326; x_wconf 91' lang='lat' dir='ltr'>Possit</span> <span class='ocrx_word' id='word_1_83' title='bbox 1188 1289 1337 1337; x_wconf 86' lang='lat' dir='ltr'>quidem</span> <span class='ocrx_word' id='word_1_84' title='bbox 1378 1289 1495 1327; x_wconf 87' lang='lat' dir='ltr'>videri</span> 
     </span>
     <span class='ocr_line' id='line_1_16' title="bbox 140 1346 1495 1412; baseline -0.001 -14"><span class='ocrx_word' id='word_1_85' title='bbox 140 1360 252 1398; x_wconf 88' lang='lat' dir='ltr'>lectio</span> <span class='ocrx_word' id='word_1_86' title='bbox 279 1359 414 1412; x_wconf 68' lang='grc' dir='ltr'><em>ῥυτίδα</em></span> <span class='ocrx_word' id='word_1_87' title='bbox 437 1346 607 1405; x_wconf 82' lang='lat' dir='ltr'>tractari,</span> <span class='ocrx_word' id='word_1_88' title='bbox 638 1370 723 1397; x_wconf 92' lang='lat' dir='ltr'>cum</span> <span class='ocrx_word' id='word_1_89' title='bbox 750 1358 950 1396; x_wconf 78' lang='lat' dir='ltr'>scholiasta</span> <span class='ocrx_word' id='word_1_90' title='bbox 978 1358 1093 1397; x_wconf 88' lang='lat' dir='ltr'>dicat:</span> <span class='ocrx_word' id='word_1_91' title='bbox 1128 1361 1165 1399; x_wconf 79' lang='grc' dir='ltr'>οἱ</span> <span class='ocrx_word' id='word_1_92' title='bbox 1189 1359 1229 1400; x_wconf 72' lang='grc' dir='ltr'>δὲ</span> <span class='ocrx_word' id='word_1_93' title='bbox 1255 1359 1368 1412; x_wconf 72' lang='grc' dir='ltr'><strong><em>ῥυτίς.</em></strong></span> <span class='ocrx_word' id='word_1_94' title='bbox 1425 1360 1495 1398; x_wconf 81' lang='lat' dir='ltr'>Sed</span> 
     </span>
     <span class='ocr_line' id='line_1_17' title="bbox 142 1431 1494 1483; baseline 0 -12"><span class='ocrx_word' id='word_1_95' title='bbox 142 1435 176 1471; x_wconf 88' lang='lat' dir='ltr'>si</span> <span class='ocrx_word' id='word_1_96' title='bbox 202 1433 385 1471; x_wconf 87' lang='lat' dir='ltr'>scholium</span> <span class='ocrx_word' id='word_1_97' title='bbox 412 1433 466 1470; x_wconf 88' lang='lat' dir='ltr'>sic</span> <span class='ocrx_word' id='word_1_98' title='bbox 491 1432 698 1470; x_wconf 88' lang='lat' dir='ltr'>reficimus:</span> <span class='ocrx_word' id='word_1_99' title='bbox 733 1432 755 1479; x_wconf 78' lang='grc' dir='ltr'>ἡ</span> <span class='ocrx_word' id='word_1_100' title='bbox 784 1431 824 1472; x_wconf 73' lang='grc' dir='ltr'>δὲ</span> <span class='ocrx_word' id='word_1_101' title='bbox 851 1431 1022 1479; x_wconf 59' lang='grc' dir='ltr'>λήκυῇός</span> <span class='ocrx_word' id='word_1_102' title='bbox 1044 1432 1123 1470; x_wconf 75' lang='grc' dir='ltr'>ἐστι</span> <span class='ocrx_word' id='word_1_103' title='bbox 1144 1432 1247 1482; x_wconf 60' lang='grc' dir='ltr'>ῥιπὶς</span> <span class='ocrx_word' id='word_1_104' title='bbox 1273 1434 1494 1483; x_wconf 79' lang='grc' dir='ltr'><em>διῳδηκυιᾶ,</em></span> 
     </span>
     <span class='ocr_line' id='line_1_18' title="bbox 142 1503 626 1546; baseline -0.01 -1"><span class='ocrx_word' id='word_1_105' title='bbox 142 1505 266 1546; x_wconf 87' lang='lat' dir='ltr'>omnia</span> <span class='ocrx_word' id='word_1_106' title='bbox 291 1506 391 1543; x_wconf 89' lang='lat' dir='ltr'>recte</span> <span class='ocrx_word' id='word_1_107' title='bbox 415 1515 455 1541; x_wconf 92' lang='lat' dir='ltr'>se</span> <span class='ocrx_word' id='word_1_108' title='bbox 480 1503 626 1541; x_wconf 88' lang='lat' dir='ltr'>habent.</span> 
     </span>
    </p>
   </div>
   <div class='ocr_carea' id='block_1_9' title="bbox 270 1691 1372 1825">
    <p class='ocr_par' dir='ltr' id='par_1_11' title="bbox 270 1691 1372 1825">
     <span class='ocr_line' id='line_1_19' title="bbox 715 1691 919 1737; baseline 0 0"><span class='ocrx_word' id='word_1_109' title='bbox 715 1691 919 1737; x_wconf 84' lang='lat' dir='ltr'>Plutus.</span> 
     </span>
     <span class='ocr_line' id='line_1_20' title="bbox 270 1771 1372 1825; baseline -0.004 -13"><span class='ocrx_word' id='word_1_110' title='bbox 270 1773 435 1825; x_wconf 85' lang='lat' dir='ltr'>(Scholia</span> <span class='ocrx_word' id='word_1_111' title='bbox 470 1773 646 1823; x_wconf 86' lang='lat' dir='ltr'>praebent</span> <span class='ocrx_word' id='word_1_112' title='bbox 671 1773 716 1811; x_wconf 84' lang='lat' dir='ltr'><strong>R.</strong></span> <span class='ocrx_word' id='word_1_113' title='bbox 742 1772 786 1810; x_wconf 89' lang='lat' dir='ltr'>V.</span> <span class='ocrx_word' id='word_1_114' title='bbox 813 1781 855 1813; x_wconf 88' lang='grc' dir='ltr'>Θ.</span> <span class='ocrx_word' id='word_1_115' title='bbox 882 1780 931 1811; x_wconf 91' lang='grc' dir='ltr'>Μ.</span> <span class='ocrx_word' id='word_1_116' title='bbox 961 1771 1164 1822; x_wconf 75' lang='lat' dir='ltr'>complures</span> <span class='ocrx_word' id='word_1_117' title='bbox 1190 1771 1372 1822; x_wconf 88' lang='lat' dir='ltr'>Britann.)</span> 
     </span>
    </p>
   </div>
   <div class='ocr_carea' id='block_1_10' title="bbox 250 1881 776 1926">
    <p class='ocr_par' dir='ltr' id='par_1_12' title="bbox 250 1881 776 1926">
     <span class='ocr_line' id='line_1_21' title="bbox 250 1881 776 1926; baseline -0.006 -2"><span class='ocrx_word' id='word_1_118' title='bbox 250 1898 283 1924; x_wconf 88' lang='lat' dir='ltr'>V.</span> <span class='ocrx_word' id='word_1_119' title='bbox 313 1886 373 1923; x_wconf 83' lang='lat'><strong>29.</strong></span> <span class='ocrx_word' id='word_1_120' title='bbox 426 1881 471 1926; x_wconf 67' lang='grc' dir='ltr'>εὖ</span> <span class='ocrx_word' id='word_1_121' title='bbox 495 1882 562 1926; x_wconf 77' lang='grc' dir='ltr'>οἷδ’</span> <span class='ocrx_word' id='word_1_122' title='bbox 591 1882 645 1925; x_wconf 70' lang='lat' dir='ltr'>gn</span> <span class='ocrx_word' id='word_1_123' title='bbox 675 1884 776 1923; x_wconf 79' lang='lat' dir='ltr'>codd.</span> 
     </span>
    </p>
   </div>
   <div class='ocr_carea' id='block_1_11' title="bbox 146 1972 1501 2162">
    <p class='ocr_par' dir='ltr' id='par_1_13' title="bbox 146 1972 1501 2162">
     <span class='ocr_line' id='line_1_22' title="bbox 248 1972 1497 2026; baseline -0.002 -9"><span class='ocrx_word' id='word_1_124' title='bbox 248 1979 370 2017; x_wconf 81' lang='lat' dir='ltr'>Schol.</span> <span class='ocrx_word' id='word_1_125' title='bbox 398 1979 443 2016; x_wconf 87' lang='lat' dir='ltr'><strong>R.</strong></span> <span class='ocrx_word' id='word_1_126' title='bbox 469 1979 514 2016; x_wconf 90' lang='lat' dir='ltr'>V.</span> <span class='ocrx_word' id='word_1_127' title='bbox 550 1979 636 2016; x_wconf 67' lang='lat' dir='ltr'>cett.</span> <span class='ocrx_word' id='word_1_128' title='bbox 667 1977 747 2017; x_wconf 69' lang='grc' dir='ltr'>ἀλλ’</span> <span class='ocrx_word' id='word_1_129' title='bbox 791 1972 838 2024; x_wconf 69' lang='grc' dir='ltr'>ἢν</span> <span class='ocrx_word' id='word_1_130' title='bbox 870 1976 1051 2024; x_wconf 55' lang='grc' dir='ltr'>πύθησξνε</span> <span class='ocrx_word' id='word_1_131' title='bbox 1085 1975 1121 2025; x_wconf 86' lang='grc' dir='ltr'>μ’</span> <span class='ocrx_word' id='word_1_132' title='bbox 1159 1972 1263 2020; x_wconf 69' lang='grc' dir='ltr'>ὅστις</span> <span class='ocrx_word' id='word_1_133' title='bbox 1288 1976 1355 2025; x_wconf 76' lang='grc' dir='ltr'>εἰμ’</span> <span class='ocrx_word' id='word_1_134' title='bbox 1396 1976 1497 2026; x_wconf 74' lang='grc' dir='ltr'>ἐγω;</span> 
     </span>
     <span class='ocr_line' id='line_1_23' title="bbox 146 2040 1501 2101; baseline -0.005 -12"><span class='ocrx_word' id='word_1_135' title='bbox 146 2051 330 2101; x_wconf 74' lang='lat' dir='ltr'>Apparet,</span> <span class='ocrx_word' id='word_1_136' title='bbox 365 2049 585 2089; x_wconf 78' lang='lat' dir='ltr'>scholiastae</span> <span class='ocrx_word' id='word_1_137' title='bbox 615 2060 637 2087; x_wconf 90' lang='lat' dir='ltr'>a</span> <span class='ocrx_word' id='word_1_138' title='bbox 659 2047 765 2086; x_wconf 78' lang='lat' dir='ltr'>libris</span> <span class='ocrx_word' id='word_1_139' title='bbox 798 2047 875 2085; x_wconf 84' lang='lat' dir='ltr'>suis</span> <span class='ocrx_word' id='word_1_140' title='bbox 908 2057 981 2085; x_wconf 90' lang='lat' dir='ltr'>non</span> <span class='ocrx_word' id='word_1_141' title='bbox 1008 2040 1053 2086; x_wconf 69' lang='grc' dir='ltr'>εὖ</span> <span class='ocrx_word' id='word_1_142' title='bbox 1084 2042 1150 2086; x_wconf 77' lang='grc' dir='ltr'><strong><em>οἷδ’</em></strong></span> <span class='ocrx_word' id='word_1_143' title='bbox 1184 2044 1248 2084; x_wconf 87' lang='lat' dir='ltr'>sed</span> <span class='ocrx_word' id='word_1_144' title='bbox 1274 2040 1386 2097; x_wconf 71' lang='grc' dir='ltr'>ἐγῷδ’</span> <span class='ocrx_word' id='word_1_145' title='bbox 1420 2056 1501 2083; x_wconf 87' lang='lat' dir='ltr'>esse</span> 
     </span>
     <span class='ocr_line' id='line_1_24' title="bbox 148 2124 324 2162; baseline -0.011 -1"><span class='ocrx_word' id='word_1_146' title='bbox 148 2124 324 2162; x_wconf 77' lang='lat' dir='ltr'>oblatum.</span> 
     </span>
    </p>
   </div>
   <div class='ocr_carea' id='block_1_12' title="bbox 151 2252 1508 2542">
    <p class='ocr_par' dir='ltr' id='par_1_14' title="bbox 249 2252 773 2305">
     <span class='ocr_line' id='line_1_25' title="bbox 249 2252 773 2305; baseline -0.008 -11"><span class='ocrx_word' id='word_1_147' title='bbox 249 2268 283 2294; x_wconf 85' lang='lat' dir='ltr'><strong>V.</strong></span> <span class='ocrx_word' id='word_1_148' title='bbox 314 2256 398 2293; x_wconf 88' lang='lat'><strong>101.</strong></span> <span class='ocrx_word' id='word_1_149' title='bbox 449 2254 645 2305; x_wconf 56' lang='grc' dir='ltr'>ἑξόμεσξγα</span> <span class='ocrx_word' id='word_1_150' title='bbox 671 2252 773 2291; x_wconf 77' lang='lat' dir='ltr'>codd.</span> 
     </span>
    </p>

    <p class='ocr_par' dir='ltr' id='par_1_15' title="bbox 251 2325 1438 2396">
     <span class='ocr_line' id='line_1_26' title="bbox 251 2325 1438 2396; baseline -0.003 -10"><span class='ocrx_word' id='word_1_151' title='bbox 251 2346 372 2386; x_wconf 76' lang='lat' dir='ltr'>Schol.</span> <span class='ocrx_word' id='word_1_152' title='bbox 398 2346 444 2384; x_wconf 86' lang='lat' dir='ltr'><strong>R.</strong></span> <span class='ocrx_word' id='word_1_153' title='bbox 471 2345 516 2383; x_wconf 89' lang='lat' dir='ltr'><strong>V.</strong></span> <span class='ocrx_word' id='word_1_154' title='bbox 544 2345 631 2384; x_wconf 60' lang='lat' dir='ltr'>Gebb-</span> <span class='ocrx_word' id='word_1_155' title='bbox 658 2343 908 2396; x_wconf 70' lang='grc' dir='ltr'>ἁντεχόμεὲνά</span> <span class='ocrx_word' id='word_1_156' title='bbox 933 2358 1022 2393; x_wconf 86' lang='grc' dir='ltr'><strong>σου,</strong></span> <span class='ocrx_word' id='word_1_157' title='bbox 1049 2341 1171 2392; x_wconf 75' lang='grc' dir='ltr'><strong><em>ἐπειδὴ</em></strong></span> <span class='ocrx_word' id='word_1_158' title='bbox 1200 2343 1369 2389; x_wconf 74' lang='grc' dir='ltr'>Πλοῦτος</span> <span class='ocrx_word' id='word_1_159' title='bbox 1382 2325 1438 2382; x_wconf 17' lang='grc' dir='ltr'>δεῖ.</span> 
     </span>
    </p>

    <p class='ocr_par' dir='ltr' id='par_1_16' title="bbox 151 2415 1508 2542">
     <span class='ocr_line' id='line_1_27' title="bbox 252 2415 1504 2465; baseline -0.005 -7"><span class='ocrx_word' id='word_1_160' title='bbox 252 2418 459 2460; x_wconf 81' lang='lat' dir='ltr'>Scholiasta</span> <span class='ocrx_word' id='word_1_161' title='bbox 494 2428 579 2456; x_wconf 88' lang='lat' dir='ltr'>cum</span> <span class='ocrx_word' id='word_1_162' title='bbox 617 2417 659 2454; x_wconf 81' lang='lat' dir='ltr'>in</span> <span class='ocrx_word' id='word_1_163' title='bbox 696 2415 910 2465; x_wconf 82' lang='lat' dir='ltr'>paraphrasi</span> <span class='ocrx_word' id='word_1_164' title='bbox 945 2416 1072 2453; x_wconf 84' lang='lat' dir='ltr'>utatur</span> <span class='ocrx_word' id='word_1_165' title='bbox 1106 2415 1292 2464; x_wconf 84' lang='lat' dir='ltr'>praesenti</span> <span class='ocrx_word' id='word_1_166' title='bbox 1327 2415 1504 2464; x_wconf 78' lang='lat' dir='ltr'>tempore,</span> 
     </span>
     <span class='ocr_line' id='line_1_28' title="bbox 151 2486 1508 2542; baseline -0.005 -11"><span class='ocrx_word' id='word_1_167' title='bbox 151 2492 272 2531; x_wconf 87' lang='lat' dir='ltr'>videri</span> <span class='ocrx_word' id='word_1_168' title='bbox 296 2490 420 2542; x_wconf 83' lang='lat' dir='ltr'>potest</span> <span class='ocrx_word' id='word_1_169' title='bbox 445 2489 559 2528; x_wconf 82' lang='lat' dir='ltr'>etiam</span> <span class='ocrx_word' id='word_1_170' title='bbox 583 2489 622 2527; x_wconf 90' lang='lat' dir='ltr'>in</span> <span class='ocrx_word' id='word_1_171' title='bbox 647 2489 753 2527; x_wconf 81' lang='lat' dir='ltr'>textu</span> <span class='ocrx_word' id='word_1_172' title='bbox 776 2487 846 2537; x_wconf 84' lang='lat' dir='ltr'>hoc</span> <span class='ocrx_word' id='word_1_173' title='bbox 871 2486 1054 2526; x_wconf 81' lang='lat' dir='ltr'>habuisse.</span> <span class='ocrx_word' id='word_1_174' title='bbox 1094 2486 1166 2525; x_wconf 84' lang='lat' dir='ltr'>Sed</span> <span class='ocrx_word' id='word_1_175' title='bbox 1191 2498 1277 2525; x_wconf 85' lang='lat' dir='ltr'>cum</span> <span class='ocrx_word' id='word_1_176' title='bbox 1293 2486 1333 2525; x_wconf 86' lang='lat' dir='ltr'>id</span> <span class='ocrx_word' id='word_1_177' title='bbox 1341 2487 1508 2537; x_wconf 71' lang='lat' dir='ltr'>recipere</span> 
     </span>
    </p>
   </div>
  </div>
 </body>
</html>
