<?xml version="1.0" encoding="UTF-8"?>
<!DOCTYPE html PUBLIC "-//W3C//DTD XHTML 1.0 Transitional//EN"
    "http://www.w3.org/TR/xhtml1/DTD/xhtml1-transitional.dtd">
<html xmlns="http://www.w3.org/1999/xhtml" xml:lang="en" lang="en">
 <head>
  <title>
</title>
<meta http-equiv="Content-Type" content="text/html;charset=utf-8" />
  <meta name='ocr-system' content='tesseract 3.04.00' />
  <meta name='ocr-capabilities' content='ocr_page ocr_carea ocr_par ocr_line ocrx_word'/>
</head>
<body>
  <div class='ocr_page' id='page_1' title='image "./4627223_0021.png"; bbox 0 0 1610 2765; ppageno 0'>
   <div class='ocr_carea' id='block_1_1' title="bbox 710 105 960 142">
    <p class='ocr_par' dir='ltr' id='par_1_1' title="bbox 710 105 960 142">
     <span class='ocr_line' id='line_1_1' title="bbox 710 105 960 142; baseline 0.004 -11"><span class='ocrx_word' id='word_1_1' title='bbox 710 105 960 142; x_wconf 73' lang='lat'>-10-</span> 
     </span>
    </p>
   </div>
   <div class='ocr_carea' id='block_1_2' title="bbox 257 212 1360 264">
    <p class='ocr_par' dir='ltr' id='par_1_2' title="bbox 257 212 1360 264">
     <span class='ocr_line' id='line_1_2' title="bbox 257 212 1360 264; baseline 0.002 -10"><span class='ocrx_word' id='word_1_2' title='bbox 257 230 290 255; x_wconf 85' lang='lat' dir='ltr'>v.</span> <span class='ocrx_word' id='word_1_3' title='bbox 318 217 403 254; x_wconf 89' lang='grc'>346.</span> <span class='ocrx_word' id='word_1_4' title='bbox 432 212 532 261; x_wconf 46' lang='grc' dir='ltr'>οἶσε</span> <span class='ocrx_word' id='word_1_5' title='bbox 562 227 690 254; x_wconf 82' lang='grc'><strong>01111108</strong></span> <span class='ocrx_word' id='word_1_6' title='bbox 717 215 820 254; x_wconf 88' lang='lat' dir='ltr'>codd.</span> <span class='ocrx_word' id='word_1_7' title='bbox 849 218 1078 262; x_wconf 56' lang='lat' dir='ltr'>amonze&#39;viu</span> <span class='ocrx_word' id='word_1_8' title='bbox 1107 221 1232 261; x_wconf 71' lang='grc' dir='ltr'><strong><em>δοκεῖς</em></strong></span> <span class='ocrx_word' id='word_1_9' title='bbox 1256 217 1360 264; x_wconf 78' lang='lat' dir='ltr'>item.</span> 
     </span>
    </p>
   </div>
   <div class='ocr_carea' id='block_1_3' title="bbox 151 300 1514 855">
    <p class='ocr_par' dir='ltr' id='par_1_3' title="bbox 154 300 1513 502">
     <span class='ocr_line' id='line_1_3' title="bbox 257 300 1513 361; baseline 0.001 -14"><span class='ocrx_word' id='word_1_10' title='bbox 257 308 377 347; x_wconf 79' lang='lat' dir='ltr'>Schol.</span> <span class='ocrx_word' id='word_1_11' title='bbox 405 307 448 345; x_wconf 91' lang='lat' dir='ltr'>V.</span> <span class='ocrx_word' id='word_1_12' title='bbox 476 307 563 345; x_wconf 73' lang='lat' dir='ltr'>cett.</span> <span class='ocrx_word' id='word_1_13' title='bbox 590 306 672 347; x_wconf 58' lang='lat'>&lt;222⁹</span> <span class='ocrx_word' id='word_1_14' title='bbox 703 303 804 354; x_wconf 53' lang='grc' dir='ltr'><strong><em>οἷσθ’</em></strong></span> <span class='ocrx_word' id='word_1_15' title='bbox 833 305 923 360; x_wconf 66' lang='grc' dir='ltr'>ὅπερ</span> <span class='ocrx_word' id='word_1_16' title='bbox 948 309 1164 355; x_wconf 56' lang='grc' dir='ltr'><strong><em>πέπονθαςε</em></strong></span> <span class='ocrx_word' id='word_1_17' title='bbox 1186 306 1288 348; x_wconf 77' lang='grc' dir='ltr'>ἀλλὰ</span> <span class='ocrx_word' id='word_1_18' title='bbox 1315 300 1513 361; x_wconf 52' lang='grc' dir='ltr'>γᾞιῶσκω,</span> 
     </span>
     <span class='ocr_line' id='line_1_4' title="bbox 154 374 1511 432; baseline 0.001 -12"><span class='ocrx_word' id='word_1_19' title='bbox 154 379 175 420; x_wconf 71' lang='grc' dir='ltr'>ὅ</span> <span class='ocrx_word' id='word_1_20' title='bbox 209 381 401 424; x_wconf 60' lang='grc' dir='ltr'><strong><em>πέπονβας</em></strong></span> <span class='ocrx_word' id='word_1_21' title='bbox 436 374 455 426; x_wconf 69' lang='grc' dir='ltr'>ἢ</span> <span class='ocrx_word' id='word_1_22' title='bbox 484 374 572 418; x_wconf 71' lang='grc' dir='ltr'><strong><em>οἶδα</em></strong></span> <span class='ocrx_word' id='word_1_23' title='bbox 606 377 648 417; x_wconf 65' lang='grc' dir='ltr'>τὸ</span> <span class='ocrx_word' id='word_1_24' title='bbox 680 379 829 429; x_wconf 74' lang='grc' dir='ltr'><strong><em>ε’παρᾶν</em></strong></span> <span class='ocrx_word' id='word_1_25' title='bbox 855 395 911 419; x_wconf 87' lang='grc' dir='ltr'>σε.</span> <span class='ocrx_word' id='word_1_26' title='bbox 947 379 1047 419; x_wconf 77' lang='grc' dir='ltr'><strong><em>ἀλλά</em></strong></span> <span class='ocrx_word' id='word_1_27' title='bbox 1074 381 1269 432; x_wconf 71' lang='grc' dir='ltr'>μοι’(ἳοκῶ</span> <span class='ocrx_word' id='word_1_28' title='bbox 1294 382 1511 421; x_wconf 75' lang='grc' dir='ltr'><strong><em>συνειδέναι</em></strong></span> 
     </span>
     <span class='ocr_line' id='line_1_5' title="bbox 154 443 1303 502; baseline 0 -12"><span class='ocrx_word' id='word_1_29' title='bbox 154 453 221 499; x_wconf 64' lang='grc' dir='ltr'>τὴν</span> <span class='ocrx_word' id='word_1_30' title='bbox 247 450 385 493; x_wconf 75' lang='grc' dir='ltr'><strong><em>αἰτίαν,</em></strong></span> <span class='ocrx_word' id='word_1_31' title='bbox 414 453 449 488; x_wconf 90' lang='grc' dir='ltr'>δι</span> <span class='ocrx_word' id='word_1_32' title='bbox 474 443 535 496; x_wconf 78' lang='grc' dir='ltr'>’ἣν</span> <span class='ocrx_word' id='word_1_33' title='bbox 561 450 613 493; x_wconf 77' lang='grc' dir='ltr'>εἷς</span> <span class='ocrx_word' id='word_1_34' title='bbox 640 450 825 489; x_wconf 69' lang='grc' dir='ltr'><strong><em>τοσοῦτον</em></strong></span> <span class='ocrx_word' id='word_1_35' title='bbox 851 451 1003 501; x_wconf 59' lang='grc' dir='ltr'><strong><em>βράσος</em></strong></span> <span class='ocrx_word' id='word_1_36' title='bbox 1026 452 1303 502; x_wconf 55' lang='grc' dir='ltr'>προελήλυθας.</span> 
     </span>
    </p>

    <p class='ocr_par' dir='ltr' id='par_1_4' title="bbox 151 518 1514 855">
     <span class='ocr_line' id='line_1_6' title="bbox 253 518 1514 571; baseline 0.003 -16"><span class='ocrx_word' id='word_1_37' title='bbox 253 521 307 556; x_wconf 84' lang='lat' dir='ltr'>Ex</span> <span class='ocrx_word' id='word_1_38' title='bbox 340 519 584 567; x_wconf 76' lang='lat' dir='ltr'>explicatione</span> <span class='ocrx_word' id='word_1_39' title='bbox 619 521 788 568; x_wconf 82' lang='lat' dir='ltr'>apparet,</span> <span class='ocrx_word' id='word_1_40' title='bbox 822 531 897 557; x_wconf 92' lang='lat' dir='ltr'>non</span> <span class='ocrx_word' id='word_1_41' title='bbox 927 518 1027 567; x_wconf 54' lang='grc' dir='ltr'>οἶσθ’</span> <span class='ocrx_word' id='word_1_42' title='bbox 1065 523 1129 560; x_wconf 88' lang='lat' dir='ltr'>sed</span> <span class='ocrx_word' id='word_1_43' title='bbox 1164 520 1231 562; x_wconf 82' lang='grc' dir='ltr'><em>οἶδ’</em></span> <span class='ocrx_word' id='word_1_44' title='bbox 1263 523 1303 560; x_wconf 89' lang='grc'>111</span> <span class='ocrx_word' id='word_1_45' title='bbox 1340 523 1514 571; x_wconf 87' lang='lat' dir='ltr'>promptu</span> 
     </span>
     <span class='ocr_line' id='line_1_7' title="bbox 152 590 1512 640; baseline 0.003 -12"><span class='ocrx_word' id='word_1_46' title='bbox 152 592 265 629; x_wconf 78' lang='lat' dir='ltr'>fuisse</span> <span class='ocrx_word' id='word_1_47' title='bbox 291 590 497 640; x_wconf 81' lang='lat' dir='ltr'>interpreti,</span> <span class='ocrx_word' id='word_1_48' title='bbox 521 590 698 629; x_wconf 88' lang='lat' dir='ltr'>similiter</span> <span class='ocrx_word' id='word_1_49' title='bbox 723 592 834 640; x_wconf 88' lang='lat' dir='ltr'>atque</span> <span class='ocrx_word' id='word_1_50' title='bbox 859 592 899 630; x_wconf 90' lang='grc'>111</span> <span class='ocrx_word' id='word_1_51' title='bbox 924 597 1033 631; x_wconf 75' lang='lat' dir='ltr'>versu</span> <span class='ocrx_word' id='word_1_52' title='bbox 1050 594 1123 632; x_wconf 88' lang='grc'>461</span> <span class='ocrx_word' id='word_1_53' title='bbox 1143 594 1444 632; x_wconf 82' lang='lat' dir='ltr'>Acharnensium.</span> <span class='ocrx_word' id='word_1_54' title='bbox 1463 616 1512 622; x_wconf 88' lang='lat'>—</span> 
     </span>
     <span class='ocr_line' id='line_1_8' title="bbox 153 651 1512 714; baseline 0.003 -15"><span class='ocrx_word' id='word_1_55' title='bbox 153 662 250 709; x_wconf 83' lang='lat' dir='ltr'>Quid</span> <span class='ocrx_word' id='word_1_56' title='bbox 275 673 383 711; x_wconf 88' lang='lat' dir='ltr'>porro</span> <span class='ocrx_word' id='word_1_57' title='bbox 409 662 448 700; x_wconf 90' lang='lat' dir='ltr'>in</span> <span class='ocrx_word' id='word_1_58' title='bbox 473 661 581 700; x_wconf 87' lang='lat' dir='ltr'>libris</span> <span class='ocrx_word' id='word_1_59' title='bbox 608 662 685 700; x_wconf 90' lang='lat' dir='ltr'>suis</span> <span class='ocrx_word' id='word_1_60' title='bbox 711 651 905 709; x_wconf 86' lang='lat' dir='ltr'>invenerit,</span> <span class='ocrx_word' id='word_1_61' title='bbox 938 664 1076 711; x_wconf 86' lang='lat' dir='ltr'>utrum,</span> <span class='ocrx_word' id='word_1_62' title='bbox 1104 665 1200 714; x_wconf 90' lang='lat' dir='ltr'>quod</span> <span class='ocrx_word' id='word_1_63' title='bbox 1226 665 1366 703; x_wconf 89' lang='lat' dir='ltr'>lemma</span> <span class='ocrx_word' id='word_1_64' title='bbox 1390 664 1512 710; x_wconf 84' lang='lat' dir='ltr'>habet,</span> 
     </span>
     <span class='ocr_line' id='line_1_9' title="bbox 151 733 1513 788; baseline 0.001 -15"><span class='ocrx_word' id='word_1_65' title='bbox 151 735 362 784; x_wconf 53' lang='grc' dir='ltr'><strong><em>πέπονθας,</em></strong></span> <span class='ocrx_word' id='word_1_66' title='bbox 398 745 463 780; x_wconf 87' lang='lat' dir='ltr'>an,</span> <span class='ocrx_word' id='word_1_67' title='bbox 499 733 595 783; x_wconf 90' lang='lat' dir='ltr'>quod</span> <span class='ocrx_word' id='word_1_68' title='bbox 621 733 736 780; x_wconf 67' lang='lat' dir='ltr'>codd„</span> <span class='ocrx_word' id='word_1_69' title='bbox 770 735 1001 781; x_wconf 57' lang='grc' dir='ltr'><strong><em>πεπονθέναι</em></strong></span> <span class='ocrx_word' id='word_1_70' title='bbox 1030 740 1177 788; x_wconf 79' lang='grc' dir='ltr'><strong><em>δοκεῖς,</em></strong></span> <span class='ocrx_word' id='word_1_71' title='bbox 1213 738 1313 776; x_wconf 87' lang='lat' dir='ltr'>certo</span> <span class='ocrx_word' id='word_1_72' title='bbox 1340 737 1513 787; x_wconf 76' lang='lat' dir='ltr'>cognosci</span> 
     </span>
     <span class='ocr_line' id='line_1_10' title="bbox 151 806 383 855; baseline -0.004 -11"><span class='ocrx_word' id='word_1_73' title='bbox 151 817 223 844; x_wconf 88' lang='grc'><strong>11011</strong></span> <span class='ocrx_word' id='word_1_74' title='bbox 249 806 383 855; x_wconf 88' lang='lat' dir='ltr'>potest.</span> 
     </span>
    </p>
   </div>
   <div class='ocr_carea' id='block_1_4' title="bbox 152 915 1513 1038">
    <p class='ocr_par' dir='ltr' id='par_1_5' title="bbox 152 915 1513 1038">
     <span class='ocr_line' id='line_1_11' title="bbox 252 915 1513 973; baseline 0.002 -15"><span class='ocrx_word' id='word_1_75' title='bbox 252 932 285 958; x_wconf 88' lang='lat' dir='ltr'>V.</span> <span class='ocrx_word' id='word_1_76' title='bbox 311 920 398 957; x_wconf 84' lang='lat'><strong>462.</strong></span> <span class='ocrx_word' id='word_1_77' title='bbox 444 915 476 959; x_wconf 66' lang='grc' dir='ltr'><em>ὦ</em></span> <span class='ocrx_word' id='word_1_78' title='bbox 507 919 587 970; x_wconf 79' lang='grc' dir='ltr'><strong><em>περὶ</em></strong></span> <span class='ocrx_word' id='word_1_79' title='bbox 618 919 723 959; x_wconf 73' lang='grc' dir='ltr'><strong><em>πάντ’</em></strong></span> <span class='ocrx_word' id='word_1_80' title='bbox 754 918 810 959; x_wconf 75' lang='grc' dir='ltr'>ἐπὶ</span> <span class='ocrx_word' id='word_1_81' title='bbox 844 921 939 960; x_wconf 73' lang='grc' dir='ltr'><strong><em>πᾶσι</em></strong></span> <span class='ocrx_word' id='word_1_82' title='bbox 973 939 1009 960; x_wconf 71' lang='grc' dir='ltr'>τε</span> <span class='ocrx_word' id='word_1_83' title='bbox 1050 921 1255 973; x_wconf 75' lang='grc' dir='ltr'>πράγμασι</span> <span class='ocrx_word' id='word_1_84' title='bbox 1284 922 1513 972; x_wconf 77' lang='grc' dir='ltr'><strong><em>δωροδόκοις</em></strong></span> 
     </span>
     <span class='ocr_line' id='line_1_12' title="bbox 152 989 1060 1038; baseline -0.003 -6"><span class='ocrx_word' id='word_1_85' title='bbox 152 993 201 1032; x_wconf 79' lang='grc' dir='ltr'>ἐπ’</span> <span class='ocrx_word' id='word_1_86' title='bbox 231 989 399 1037; x_wconf 55' lang='grc' dir='ltr'><strong><em>ἄνθεσιν</em></strong></span> <span class='ocrx_word' id='word_1_87' title='bbox 427 989 515 1038; x_wconf 70' lang='grc' dir='ltr'><strong><em>ἵζων</em></strong></span> <span class='ocrx_word' id='word_1_88' title='bbox 554 990 665 1029; x_wconf 80' lang='lat' dir='ltr'>Codd.</span> <span class='ocrx_word' id='word_1_89' title='bbox 694 1015 743 1019; x_wconf 90' lang='lat'>——</span> <span class='ocrx_word' id='word_1_90' title='bbox 766 1001 807 1031; x_wconf 91' lang='grc' dir='ltr'>Θ.</span> <span class='ocrx_word' id='word_1_91' title='bbox 835 1000 876 1031; x_wconf 89' lang='grc' dir='ltr'>Δ.</span> <span class='ocrx_word' id='word_1_92' title='bbox 906 989 1060 1037; x_wconf 55' lang='grc' dir='ltr'><strong><em>ἄνθεσι.</em></strong></span> 
     </span>
    </p>
   </div>
   <div class='ocr_carea' id='block_1_5' title="bbox 105 1078 1566 2563">
    <p class='ocr_par' dir='ltr' id='par_1_6' title="bbox 152 1078 1512 1205">
     <span class='ocr_line' id='line_1_13' title="bbox 255 1078 1512 1139; baseline 0.002 -16"><span class='ocrx_word' id='word_1_93' title='bbox 255 1084 376 1123; x_wconf 84' lang='lat' dir='ltr'>Schol.</span> <span class='ocrx_word' id='word_1_94' title='bbox 396 1084 440 1121; x_wconf 91' lang='lat' dir='ltr'>V.</span> <span class='ocrx_word' id='word_1_95' title='bbox 460 1083 568 1122; x_wconf 54' lang='lat' dir='ltr'>ceth:</span> <span class='ocrx_word' id='word_1_96' title='bbox 597 1078 628 1123; x_wconf 70' lang='grc' dir='ltr'><em>ὦ</em></span> <span class='ocrx_word' id='word_1_97' title='bbox 654 1083 733 1134; x_wconf 73' lang='grc' dir='ltr'>περὶ</span> <span class='ocrx_word' id='word_1_98' title='bbox 760 1083 866 1123; x_wconf 76' lang='grc' dir='ltr'><strong><em>πάντ’</em></strong></span> <span class='ocrx_word' id='word_1_99' title='bbox 895 1082 953 1124; x_wconf 71' lang='grc' dir='ltr'>ἐπὶ</span> <span class='ocrx_word' id='word_1_100' title='bbox 981 1086 1121 1125; x_wconf 71' lang='grc' dir='ltr'><strong><em>πᾶσινε</em></strong></span> <span class='ocrx_word' id='word_1_101' title='bbox 1149 1080 1180 1125; x_wconf 68' lang='grc' dir='ltr'><em>ὦ</em></span> <span class='ocrx_word' id='word_1_102' title='bbox 1207 1084 1263 1126; x_wconf 75' lang='grc' dir='ltr'>ἐπὶ</span> <span class='ocrx_word' id='word_1_103' title='bbox 1291 1086 1397 1139; x_wconf 77' lang='grc' dir='ltr'>πάσῃ</span> <span class='ocrx_word' id='word_1_104' title='bbox 1423 1104 1512 1137; x_wconf 84' lang='grc' dir='ltr'><strong><em>προ-</em></strong></span> 
     </span>
     <span class='ocr_line' id='line_1_14' title="bbox 152 1153 788 1205; baseline -0.003 -10"><span class='ocrx_word' id='word_1_105' title='bbox 152 1156 269 1204; x_wconf 79' lang='grc' dir='ltr'><strong><em>δοσίᾳ</em></strong></span> <span class='ocrx_word' id='word_1_106' title='bbox 293 1155 534 1205; x_wconf 69' lang='grc' dir='ltr'><strong><em>ἕξεταζόμενε</em></strong></span> <span class='ocrx_word' id='word_1_107' title='bbox 556 1154 622 1194; x_wconf 78' lang='grc' dir='ltr'>καὶ</span> <span class='ocrx_word' id='word_1_108' title='bbox 651 1153 788 1205; x_wconf 76' lang='grc' dir='ltr'><strong>κακίᾳ.</strong></span> 
     </span>
    </p>

    <p class='ocr_par' dir='ltr' id='par_1_7' title="bbox 149 1225 1512 1632">
     <span class='ocr_line' id='line_1_15' title="bbox 252 1225 1512 1277; baseline 0.002 -13"><span class='ocrx_word' id='word_1_109' title='bbox 252 1227 366 1265; x_wconf 86' lang='lat' dir='ltr'>Recte</span> <span class='ocrx_word' id='word_1_110' title='bbox 392 1225 529 1264; x_wconf 87' lang='lat' dir='ltr'>Velsen</span> <span class='ocrx_word' id='word_1_111' title='bbox 561 1225 843 1273; x_wconf 86' lang='lat' dir='ltr'>animadvertit,</span> <span class='ocrx_word' id='word_1_112' title='bbox 878 1226 1161 1277; x_wconf 75' lang='lat' dir='ltr'>explicationem</span> <span class='ocrx_word' id='word_1_113' title='bbox 1195 1239 1279 1266; x_wconf 88' lang='lat' dir='ltr'>cum</span> <span class='ocrx_word' id='word_1_114' title='bbox 1309 1228 1414 1266; x_wconf 86' lang='lat' dir='ltr'>textu</span> <span class='ocrx_word' id='word_1_115' title='bbox 1439 1239 1512 1267; x_wconf 92' lang='lat' dir='ltr'>non</span> 
     </span>
     <span class='ocr_line' id='line_1_16' title="bbox 152 1297 1512 1348; baseline 0 -11"><span class='ocrx_word' id='word_1_116' title='bbox 152 1299 370 1337; x_wconf 86' lang='lat' dir='ltr'>consentire.</span> <span class='ocrx_word' id='word_1_117' title='bbox 423 1297 548 1345; x_wconf 90' lang='lat' dir='ltr'>Atque</span> <span class='ocrx_word' id='word_1_118' title='bbox 574 1297 698 1346; x_wconf 91' lang='lat' dir='ltr'>ipsum</span> <span class='ocrx_word' id='word_1_119' title='bbox 725 1298 871 1335; x_wconf 83' lang='lat' dir='ltr'>textum</span> <span class='ocrx_word' id='word_1_120' title='bbox 897 1309 919 1336; x_wconf 88' lang='lat' dir='ltr'>a</span> <span class='ocrx_word' id='word_1_121' title='bbox 944 1299 1188 1348; x_wconf 75' lang='lat' dir='ltr'>corruptionis</span> <span class='ocrx_word' id='word_1_122' title='bbox 1214 1300 1422 1348; x_wconf 81' lang='lat' dir='ltr'>suspicione</span> <span class='ocrx_word' id='word_1_123' title='bbox 1439 1310 1512 1337; x_wconf 92' lang='lat' dir='ltr'>non</span> 
     </span>
     <span class='ocr_line' id='line_1_17' title="bbox 153 1367 1512 1418; baseline 0 -9"><span class='ocrx_word' id='word_1_124' title='bbox 153 1381 233 1409; x_wconf 84' lang='lat' dir='ltr'>esse</span> <span class='ocrx_word' id='word_1_125' title='bbox 268 1370 429 1407; x_wconf 89' lang='lat' dir='ltr'>liberum</span> <span class='ocrx_word' id='word_1_126' title='bbox 461 1367 570 1406; x_wconf 85' lang='lat' dir='ltr'>facile</span> <span class='ocrx_word' id='word_1_127' title='bbox 597 1368 865 1418; x_wconf 83' lang='lat' dir='ltr'>intellegimus.</span> <span class='ocrx_word' id='word_1_128' title='bbox 917 1369 1016 1407; x_wconf 90' lang='lat' dir='ltr'>Nam</span> <span class='ocrx_word' id='word_1_129' title='bbox 1042 1370 1131 1418; x_wconf 88' lang='lat' dir='ltr'>quid</span> <span class='ocrx_word' id='word_1_130' title='bbox 1156 1371 1306 1408; x_wconf 87' lang='lat' dir='ltr'>tandem</span> <span class='ocrx_word' id='word_1_131' title='bbox 1332 1371 1407 1409; x_wconf 87' lang='lat' dir='ltr'>sibi</span> <span class='ocrx_word' id='word_1_132' title='bbox 1431 1371 1512 1409; x_wconf 88' lang='lat' dir='ltr'>vult</span> 
     </span>
     <span class='ocr_line' id='line_1_18' title="bbox 150 1438 1512 1492; baseline 0.001 -12"><span class='ocrx_word' id='word_1_133' title='bbox 150 1441 368 1491; x_wconf 86' lang='lat' dir='ltr'>languidum</span> <span class='ocrx_word' id='word_1_134' title='bbox 400 1438 495 1477; x_wconf 86' lang='lat' dir='ltr'>illud</span> <span class='ocrx_word' id='word_1_135' title='bbox 533 1440 570 1476; x_wconf 90' lang='lat' dir='ltr'>et</span> <span class='ocrx_word' id='word_1_136' title='bbox 598 1450 712 1488; x_wconf 86' lang='lat' dir='ltr'>paene</span> <span class='ocrx_word' id='word_1_137' title='bbox 748 1440 946 1478; x_wconf 86' lang='lat' dir='ltr'>absurdum</span> <span class='ocrx_word' id='word_1_138' title='bbox 990 1440 1071 1492; x_wconf 79' lang='grc' dir='ltr'><strong><em>περὶ</em></strong></span> <span class='ocrx_word' id='word_1_139' title='bbox 1105 1441 1211 1480; x_wconf 56' lang='lat' dir='ltr'>xciv?</span> <span class='ocrx_word' id='word_1_140' title='bbox 1249 1440 1306 1481; x_wconf 81' lang='grc' dir='ltr'>ἐπὶ</span> <span class='ocrx_word' id='word_1_141' title='bbox 1341 1443 1436 1482; x_wconf 78' lang='grc' dir='ltr'><strong><em>πᾶσι</em></strong></span> <span class='ocrx_word' id='word_1_142' title='bbox 1475 1460 1512 1482; x_wconf 69' lang='grc' dir='ltr'>σε</span> 
     </span>
     <span class='ocr_line' id='line_1_19' title="bbox 149 1511 1512 1565; baseline -0.001 -11"><span class='ocrx_word' id='word_1_143' title='bbox 149 1514 393 1565; x_wconf 74' lang='grc' dir='ltr'><strong><em>πράγμασιν,</em></strong></span> <span class='ocrx_word' id='word_1_144' title='bbox 421 1512 518 1560; x_wconf 87' lang='lat' dir='ltr'>quod</span> <span class='ocrx_word' id='word_1_145' title='bbox 534 1511 797 1560; x_wconf 83' lang='lat' dir='ltr'>Aristophanis</span> <span class='ocrx_word' id='word_1_146' title='bbox 823 1512 972 1561; x_wconf 88' lang='lat' dir='ltr'>ingenio</span> <span class='ocrx_word' id='word_1_147' title='bbox 995 1513 1103 1561; x_wconf 89' lang='lat' dir='ltr'>plane</span> <span class='ocrx_word' id='word_1_148' title='bbox 1129 1513 1322 1562; x_wconf 85' lang='lat' dir='ltr'>indignum</span> <span class='ocrx_word' id='word_1_149' title='bbox 1341 1513 1512 1552; x_wconf 83' lang='lat' dir='ltr'>videtur?</span> 
     </span>
     <span class='ocr_line' id='line_1_20' title="bbox 150 1581 1287 1632; baseline -0.001 -10"><span class='ocrx_word' id='word_1_150' title='bbox 150 1583 353 1622; x_wconf 88' lang='lat' dir='ltr'>Substituit</span> <span class='ocrx_word' id='word_1_151' title='bbox 379 1581 497 1630; x_wconf 88' lang='lat' dir='ltr'>igitur</span> <span class='ocrx_word' id='word_1_152' title='bbox 523 1581 659 1619; x_wconf 87' lang='lat' dir='ltr'>Velsen</span> <span class='ocrx_word' id='word_1_153' title='bbox 684 1583 761 1620; x_wconf 88' lang='lat' dir='ltr'>tale</span> <span class='ocrx_word' id='word_1_154' title='bbox 788 1583 887 1632; x_wconf 90' lang='lat' dir='ltr'>quid,</span> <span class='ocrx_word' id='word_1_155' title='bbox 914 1583 1067 1621; x_wconf 88' lang='lat' dir='ltr'>scholiis</span> <span class='ocrx_word' id='word_1_156' title='bbox 1093 1583 1287 1621; x_wconf 84' lang='lat' dir='ltr'>insistens:</span> 
     </span>
    </p>

    <p class='ocr_par' dir='ltr' id='par_1_8' title="bbox 454 1647 1167 1706">
     <span class='ocr_line' id='line_1_21' title="bbox 454 1647 1167 1706; baseline 0.004 -15"><span class='ocrx_word' id='word_1_157' title='bbox 454 1647 485 1691; x_wconf 61' lang='grc' dir='ltr'>(ἶ</span> <span class='ocrx_word' id='word_1_158' title='bbox 510 1651 591 1703; x_wconf 70' lang='grc' dir='ltr'>περὶ</span> <span class='ocrx_word' id='word_1_159' title='bbox 616 1654 744 1693; x_wconf 70' lang='grc' dir='ltr'><strong><em>πάντα</em></strong></span> <span class='ocrx_word' id='word_1_160' title='bbox 771 1656 968 1706; x_wconf 75' lang='grc' dir='ltr'><strong><em>πανοῦργε</em></strong></span> <span class='ocrx_word' id='word_1_161' title='bbox 996 1656 1048 1694; x_wconf 80' lang='grc' dir='ltr'>σὺ</span> <span class='ocrx_word' id='word_1_162' title='bbox 1071 1655 1167 1694; x_wconf 71' lang='grc' dir='ltr'>πᾶσι</span> 
     </span>
    </p>

    <p class='ocr_par' dir='ltr' id='par_1_9' title="bbox 105 1730 1566 2563">
     <span class='ocr_line' id='line_1_22' title="bbox 453 1730 774 1776; baseline -0.003 -11"><span class='ocrx_word' id='word_1_163' title='bbox 453 1730 588 1776; x_wconf 81' lang='grc' dir='ltr'><strong><em>δωροδ.</em></strong></span> <span class='ocrx_word' id='word_1_164' title='bbox 617 1744 654 1765; x_wconf 88' lang='grc' dir='ltr'>κ.</span> <span class='ocrx_word' id='word_1_165' title='bbox 684 1743 713 1765; x_wconf 72' lang='grc' dir='ltr'>τ.</span> <span class='ocrx_word' id='word_1_166' title='bbox 741 1733 774 1765; x_wconf 79' lang='grc' dir='ltr'>λ.</span> 
     </span>
     <span class='ocr_line' id='line_1_23' title="bbox 151 1797 1566 1851; baseline 0.001 -15"><span class='ocrx_word' id='word_1_167' title='bbox 151 1799 252 1846; x_wconf 83' lang='lat' dir='ltr'>Quae</span> <span class='ocrx_word' id='word_1_168' title='bbox 286 1798 497 1836; x_wconf 85' lang='lat' dir='ltr'>coniectura</span> <span class='ocrx_word' id='word_1_169' title='bbox 531 1798 594 1836; x_wconf 85' lang='lat' dir='ltr'>vix</span> <span class='ocrx_word' id='word_1_170' title='bbox 626 1798 831 1843; x_wconf 78' lang='lat' dir='ltr'>satisfacit,</span> <span class='ocrx_word' id='word_1_171' title='bbox 866 1809 954 1836; x_wconf 86' lang='lat' dir='ltr'>nam</span> <span class='ocrx_word' id='word_1_172' title='bbox 989 1809 1047 1851; x_wconf 15' lang='lat' dir='ltr'>nel</span> <span class='ocrx_word' id='word_1_173' title='bbox 1063 1797 1107 1835; x_wconf 92' lang='lat' dir='ltr'>de</span> <span class='ocrx_word' id='word_1_174' title='bbox 1135 1797 1310 1847; x_wconf 86' lang='lat' dir='ltr'>languido</span> <span class='ocrx_word' id='word_1_175' title='bbox 1337 1799 1376 1836; x_wconf 91' lang='lat' dir='ltr'>et</span> <span class='ocrx_word' id='word_1_176' title='bbox 1400 1798 1511 1848; x_wconf 84' lang='lat' dir='ltr'>plane</span> <span class='ocrx_word' id='word_1_177' title='bbox 1562 1841 1566 1845; x_wconf 65' lang='grc'><strong>,</strong></span> 
     </span>
     <span class='ocr_line' id='line_1_24' title="bbox 105 1868 1512 1920; baseline -0.001 -11"><span class='ocrx_word' id='word_1_178' title='bbox 105 1888 107 1890; x_wconf 93' lang='grc'><em>·</em></span> <span class='ocrx_word' id='word_1_179' title='bbox 145 1880 416 1920; x_wconf 64' lang='lat' dir='ltr'>‚supervacaneo</span> <span class='ocrx_word' id='word_1_180' title='bbox 442 1870 516 1916; x_wconf 84' lang='grc' dir='ltr'>σὺ,</span> <span class='ocrx_word' id='word_1_181' title='bbox 546 1870 643 1919; x_wconf 90' lang='lat' dir='ltr'>quod</span> <span class='ocrx_word' id='word_1_182' title='bbox 670 1869 805 1907; x_wconf 90' lang='lat' dir='ltr'>Velsen</span> <span class='ocrx_word' id='word_1_183' title='bbox 831 1869 960 1915; x_wconf 86' lang='lat' dir='ltr'>infert,</span> <span class='ocrx_word' id='word_1_184' title='bbox 989 1868 1129 1915; x_wconf 88' lang='lat' dir='ltr'>dicam,</span> <span class='ocrx_word' id='word_1_185' title='bbox 1155 1869 1308 1908; x_wconf 87' lang='lat' dir='ltr'>liberius</span> <span class='ocrx_word' id='word_1_186' title='bbox 1333 1869 1419 1908; x_wconf 86' lang='lat' dir='ltr'>ficta</span> <span class='ocrx_word' id='word_1_187' title='bbox 1443 1881 1512 1908; x_wconf 90' lang='lat' dir='ltr'>nec</span> 
     </span>
     <span class='ocr_line' id='line_1_25' title="bbox 148 1940 1511 1990; baseline -0.001 -11"><span class='ocrx_word' id='word_1_188' title='bbox 148 1942 241 1979; x_wconf 86' lang='lat' dir='ltr'>satis</span> <span class='ocrx_word' id='word_1_189' title='bbox 266 1941 313 1978; x_wconf 86' lang='lat' dir='ltr'>ad</span> <span class='ocrx_word' id='word_1_190' title='bbox 339 1941 450 1980; x_wconf 84' lang='lat' dir='ltr'>verba</span> <span class='ocrx_word' id='word_1_191' title='bbox 468 1941 691 1978; x_wconf 86' lang='lat' dir='ltr'>scholiastae</span> <span class='ocrx_word' id='word_1_192' title='bbox 708 1940 881 1989; x_wconf 85' lang='lat' dir='ltr'>adaptata</span> <span class='ocrx_word' id='word_1_193' title='bbox 900 1941 966 1977; x_wconf 90' lang='lat' dir='ltr'>est.</span> <span class='ocrx_word' id='word_1_194' title='bbox 1019 1940 1201 1988; x_wconf 86' lang='lat' dir='ltr'>Equidem</span> <span class='ocrx_word' id='word_1_195' title='bbox 1217 1952 1323 1990; x_wconf 87' lang='lat' dir='ltr'>nego,</span> <span class='ocrx_word' id='word_1_196' title='bbox 1348 1941 1511 1979; x_wconf 87' lang='lat' dir='ltr'>otiosum</span> 
     </span>
     <span class='ocr_line' id='line_1_26' title="bbox 148 2010 1512 2062; baseline -0.001 -12"><span class='ocrx_word' id='word_1_197' title='bbox 148 2023 228 2050; x_wconf 87' lang='lat' dir='ltr'>esse</span> <span class='ocrx_word' id='word_1_198' title='bbox 258 2012 354 2049; x_wconf 88' lang='lat' dir='ltr'>illud</span> <span class='ocrx_word' id='word_1_199' title='bbox 389 2012 654 2062; x_wconf 64' lang='grc' dir='ltr'><strong><em>ἐξεταζόμενε,</em></strong></span> <span class='ocrx_word' id='word_1_200' title='bbox 692 2010 755 2049; x_wconf 87' lang='lat' dir='ltr'>sed</span> <span class='ocrx_word' id='word_1_201' title='bbox 792 2011 831 2048; x_wconf 89' lang='lat' dir='ltr'>in</span> <span class='ocrx_word' id='word_1_202' title='bbox 866 2011 973 2049; x_wconf 85' lang='lat' dir='ltr'>textu</span> <span class='ocrx_word' id='word_1_203' title='bbox 1003 2011 1094 2049; x_wconf 90' lang='lat' dir='ltr'>olim</span> <span class='ocrx_word' id='word_1_204' title='bbox 1128 2011 1243 2049; x_wconf 86' lang='lat' dir='ltr'>fuisse</span> <span class='ocrx_word' id='word_1_205' title='bbox 1269 2022 1413 2058; x_wconf 90' lang='lat' dir='ltr'>vocem,</span> <span class='ocrx_word' id='word_1_206' title='bbox 1452 2012 1512 2049; x_wconf 88' lang='lat' dir='ltr'>cui</span> 
     </span>
     <span class='ocr_line' id='line_1_27' title="bbox 147 2082 1511 2138; baseline 0 -16"><span class='ocrx_word' id='word_1_207' title='bbox 147 2083 399 2132; x_wconf 77' lang='lat' dir='ltr'>responderet,</span> <span class='ocrx_word' id='word_1_208' title='bbox 426 2082 656 2120; x_wconf 86' lang='lat' dir='ltr'>crediderim.</span> <span class='ocrx_word' id='word_1_209' title='bbox 710 2082 809 2138; x_wconf 73' lang='lat' dir='ltr'>Nam</span> <span class='ocrx_word' id='word_1_210' title='bbox 833 2083 952 2119; x_wconf 88' lang='lat' dir='ltr'>forma</span> <span class='ocrx_word' id='word_1_211' title='bbox 976 2082 1126 2131; x_wconf 86' lang='lat' dir='ltr'>quidem</span> <span class='ocrx_word' id='word_1_212' title='bbox 1153 2082 1374 2120; x_wconf 84' lang='lat' dir='ltr'>scholiastae</span> <span class='ocrx_word' id='word_1_213' title='bbox 1400 2083 1511 2122; x_wconf 85' lang='lat' dir='ltr'>verba</span> 
     </span>
     <span class='ocr_line' id='line_1_28' title="bbox 148 2152 1509 2207; baseline 0 -13"><span class='ocrx_word' id='word_1_214' title='bbox 148 2156 205 2194; x_wconf 82' lang='grc' dir='ltr'>ἐπὶ</span> <span class='ocrx_word' id='word_1_215' title='bbox 238 2154 345 2206; x_wconf 80' lang='grc' dir='ltr'>πάσῃ</span> <span class='ocrx_word' id='word_1_216' title='bbox 378 2153 568 2205; x_wconf 81' lang='grc' dir='ltr'><strong><em>προδοσίᾳ</em></strong></span> <span class='ocrx_word' id='word_1_217' title='bbox 602 2153 670 2194; x_wconf 77' lang='grc' dir='ltr'>καὶ</span> <span class='ocrx_word' id='word_1_218' title='bbox 703 2153 828 2203; x_wconf 81' lang='grc' dir='ltr'><strong><em>κακίᾳ</em></strong></span> <span class='ocrx_word' id='word_1_219' title='bbox 864 2154 902 2192; x_wconf 87' lang='lat' dir='ltr'>et</span> <span class='ocrx_word' id='word_1_220' title='bbox 935 2154 1059 2192; x_wconf 78' lang='lat' dir='ltr'>textus</span> <span class='ocrx_word' id='word_1_221' title='bbox 1093 2152 1270 2198; x_wconf 62' lang='grc' dir='ltr'><strong><em>ἐπὶπᾶσι</em></strong></span> <span class='ocrx_word' id='word_1_222' title='bbox 1303 2155 1509 2207; x_wconf 78' lang='grc' dir='ltr'>πράγμασι</span> 
     </span>
     <span class='ocr_line' id='line_1_29' title="bbox 149 2224 1510 2275; baseline 0.001 -12"><span class='ocrx_word' id='word_1_223' title='bbox 149 2225 203 2263; x_wconf 86' lang='lat' dir='ltr'>ita</span> <span class='ocrx_word' id='word_1_224' title='bbox 229 2225 326 2263; x_wconf 89' lang='lat' dir='ltr'>inter</span> <span class='ocrx_word' id='word_1_225' title='bbox 351 2236 390 2264; x_wconf 91' lang='lat' dir='ltr'>se</span> <span class='ocrx_word' id='word_1_226' title='bbox 420 2225 635 2275; x_wconf 84' lang='lat' dir='ltr'>congruunt,</span> <span class='ocrx_word' id='word_1_227' title='bbox 661 2225 705 2263; x_wconf 92' lang='lat' dir='ltr'>ut</span> <span class='ocrx_word' id='word_1_228' title='bbox 730 2225 801 2263; x_wconf 91' lang='lat' dir='ltr'>hoc</span> <span class='ocrx_word' id='word_1_229' title='bbox 825 2235 890 2274; x_wconf 88' lang='lat' dir='ltr'>per</span> <span class='ocrx_word' id='word_1_230' title='bbox 915 2224 1010 2263; x_wconf 92' lang='lat' dir='ltr'>illud</span> <span class='ocrx_word' id='word_1_231' title='bbox 1028 2224 1208 2275; x_wconf 86' lang='lat' dir='ltr'>explicare</span> <span class='ocrx_word' id='word_1_232' title='bbox 1223 2224 1385 2264; x_wconf 88' lang='lat' dir='ltr'>voluisse</span> <span class='ocrx_word' id='word_1_233' title='bbox 1403 2225 1510 2264; x_wconf 89' lang='lat' dir='ltr'>scho-</span> 
     </span>
     <span class='ocr_line' id='line_1_30' title="bbox 147 2296 1510 2346; baseline 0.001 -11"><span class='ocrx_word' id='word_1_234' title='bbox 147 2298 298 2335; x_wconf 89' lang='lat' dir='ltr'>liastam</span> <span class='ocrx_word' id='word_1_235' title='bbox 329 2298 380 2336; x_wconf 90' lang='lat' dir='ltr'>sit</span> <span class='ocrx_word' id='word_1_236' title='bbox 416 2298 595 2346; x_wconf 86' lang='lat' dir='ltr'>apertum.</span> <span class='ocrx_word' id='word_1_237' title='bbox 654 2297 785 2346; x_wconf 88' lang='lat' dir='ltr'>Itaque</span> <span class='ocrx_word' id='word_1_238' title='bbox 815 2308 901 2335; x_wconf 86' lang='lat' dir='ltr'>cum</span> <span class='ocrx_word' id='word_1_239' title='bbox 933 2296 1029 2334; x_wconf 82' lang='lat' dir='ltr'>nihi]</span> <span class='ocrx_word' id='word_1_240' title='bbox 1059 2296 1161 2335; x_wconf 86' lang='lat' dir='ltr'>aliud</span> <span class='ocrx_word' id='word_1_241' title='bbox 1192 2297 1439 2346; x_wconf 86' lang='lat' dir='ltr'>relinquatur,</span> <span class='ocrx_word' id='word_1_242' title='bbox 1470 2298 1510 2336; x_wconf 88' lang='lat' dir='ltr'>in</span> 
     </span>
     <span class='ocr_line' id='line_1_31' title="bbox 142 2367 1510 2419; baseline -0.001 -12"><span class='ocrx_word' id='word_1_243' title='bbox 142 2367 228 2419; x_wconf 71' lang='grc' dir='ltr'>περὶ</span> <span class='ocrx_word' id='word_1_244' title='bbox 253 2369 359 2408; x_wconf 69' lang='grc' dir='ltr'><strong><em>πάντ’</em></strong></span> <span class='ocrx_word' id='word_1_245' title='bbox 389 2368 494 2414; x_wconf 82' lang='lat' dir='ltr'>illud,</span> <span class='ocrx_word' id='word_1_246' title='bbox 531 2369 592 2406; x_wconf 87' lang='lat' dir='ltr'>cui</span> <span class='ocrx_word' id='word_1_247' title='bbox 617 2367 859 2419; x_wconf 68' lang='grc' dir='ltr'><strong><em>ἐξεταζόμενε</em></strong></span> <span class='ocrx_word' id='word_1_248' title='bbox 884 2367 1112 2417; x_wconf 64' lang='lat' dir='ltr'>respondeat,</span> <span class='ocrx_word' id='word_1_249' title='bbox 1143 2369 1264 2407; x_wconf 75' lang='lat' dir='ltr'>inesse</span> <span class='ocrx_word' id='word_1_250' title='bbox 1290 2368 1510 2407; x_wconf 80' lang='lat' dir='ltr'>credendum</span> 
     </span>
     <span class='ocr_line' id='line_1_32' title="bbox 147 2439 1509 2492; baseline 0.001 -15"><span class='ocrx_word' id='word_1_251' title='bbox 147 2440 215 2484; x_wconf 89' lang='lat' dir='ltr'>est,</span> <span class='ocrx_word' id='word_1_252' title='bbox 253 2439 287 2476; x_wconf 93' lang='lat' dir='ltr'>si</span> <span class='ocrx_word' id='word_1_253' title='bbox 313 2439 461 2487; x_wconf 88' lang='lat' dir='ltr'>quidem</span> <span class='ocrx_word' id='word_1_254' title='bbox 487 2440 527 2478; x_wconf 88' lang='lat' dir='ltr'>in</span> <span class='ocrx_word' id='word_1_255' title='bbox 554 2440 744 2492; x_wconf 66' lang='grc' dir='ltr'><strong><em>περίφαντ’</em></strong></span> <span class='ocrx_word' id='word_1_256' title='bbox 774 2440 1061 2485; x_wconf 87' lang='lat' dir='ltr'>mutaverimus,</span> <span class='ocrx_word' id='word_1_257' title='bbox 1098 2451 1120 2478; x_wconf 87' lang='lat' dir='ltr'>a</span> <span class='ocrx_word' id='word_1_258' title='bbox 1145 2440 1371 2491; x_wconf 67' lang='grc' dir='ltr'><strong><em>περίφαννος</em></strong></span> <span class='ocrx_word' id='word_1_259' title='bbox 1399 2450 1509 2478; x_wconf 81' lang='lat' dir='ltr'>voca-</span> 
     </span>
     <span class='ocr_line' id='line_1_33' title="bbox 145 2510 1509 2563; baseline 0.001 -15"><span class='ocrx_word' id='word_1_260' title='bbox 145 2511 232 2549; x_wconf 91' lang='lat' dir='ltr'>bulo</span> <span class='ocrx_word' id='word_1_261' title='bbox 261 2510 511 2559; x_wconf 86' lang='lat' dir='ltr'>derivandum,</span> <span class='ocrx_word' id='word_1_262' title='bbox 534 2512 631 2562; x_wconf 89' lang='lat' dir='ltr'>quod</span> <span class='ocrx_word' id='word_1_263' title='bbox 657 2512 795 2562; x_wconf 79' lang='lat' dir='ltr'>legltur</span> <span class='ocrx_word' id='word_1_264' title='bbox 820 2512 861 2550; x_wconf 93' lang='lat' dir='ltr'>in</span> <span class='ocrx_word' id='word_1_265' title='bbox 877 2511 992 2550; x_wconf 85' lang='lat' dir='ltr'>Aiaee</span> <span class='ocrx_word' id='word_1_266' title='bbox 1011 2510 1203 2562; x_wconf 88' lang='lat' dir='ltr'>Sophoclis</span> <span class='ocrx_word' id='word_1_267' title='bbox 1229 2523 1264 2551; x_wconf 86' lang='lat' dir='ltr'>v.</span> <span class='ocrx_word' id='word_1_268' title='bbox 1283 2512 1369 2550; x_wconf 85' lang='lat'>550.</span> <span class='ocrx_word' id='word_1_269' title='bbox 1411 2511 1509 2563; x_wconf 88' lang='lat' dir='ltr'>(Hoc</span> 
     </span>
    </p>
   </div>
  </div>
 </body>
</html>
